{
    "data": [
        {
            "id": 624771,
            "price": "0.92720000",
            "qty": "469.20000000",
            "quoteQty": "435.04224000",
            "time": 1732291184454,
            "isBuyerMaker": false,
            "isBestMatch": true
        },
        {
            "id": 624772,
            "price": "0.92720000",
            "qty": "447.30000000",
            "quoteQty": "414.73656000",
            "time": 1732291186077,
            "isBuyerMaker": false,
            "isBestMatch": true
        },
        {
            "id": 624773,
            "price": "0.92720000",
            "qty": "441.60000000",
            "quoteQty": "409.45152000",
            "time": 1732291187578,
            "isBuyerMaker": false,
            "isBestMatch": true
        },
        {
            "id": 624774,
            "price": "0.92720000",
            "qty": "420.00000000",
            "quoteQty": "389.42400000",
            "time": 1732291189144,
            "isBuyerMaker": false,
            "isBestMatch": true
        },
        {
            "id": 624775,
            "price": "0.92720000",
            "qty": "371.70000000",
            "quoteQty": "344.64024000",
            "time": 1732291189153,
            "isBuyerMaker": false,
            "isBestMatch": true
        },
        {
            "id": 624776,
            "price": "0.92720000",
            "qty": "393.20000000",
            "quoteQty": "364.57504000",
            "time": 1732291189163,
            "isBuyerMaker": false,
            "isBestMatch": true
        },
        {
            "id": 624777,
            "price": "0.92720000",
            "qty": "366.40000000",
            "quoteQty": "339.72608000",
            "time": 1732291190143,
            "isBuyerMaker": false,
            "isBestMatch": true
        },
        {
            "id": 624778,
            "price": "0.92720000",
            "qty": "382.30000000",
            "quoteQty": "354.46856000",
            "time": 1732291191192,
            "isBuyerMaker": false,
            "isBestMatch": true
        },
        {
            "id": 624779,
            "price": "0.92720000",
            "qty": "382.40000000",
            "quoteQty": "354.56128000",
            "time": 1732291191203,
            "isBuyerMaker": false,
            "isBestMatch": true
        },
        {
            "id": 624780,
            "price": "0.92720000",
            "qty": "334.10000000",
            "quoteQty": "309.77752000",
            "time": 1732291192809,
            "isBuyerMaker": false,
            "isBestMatch": true
        },
        {
            "id": 624781,
            "price": "0.92720000",
            "qty": "285.70000000",
            "quoteQty": "264.90104000",
            "time": 1732291192814,
            "isBuyerMaker": false,
            "isBestMatch": true
        },
        {
            "id": 624782,
            "price": "0.92720000",
            "qty": "506.40000000",
            "quoteQty": "469.53408000",
            "time": 1732291194244,
            "isBuyerMaker": false,
            "isBestMatch": true
        },
        {
            "id": 624783,
            "price": "0.92720000",
            "qty": "387.90000000",
            "quoteQty": "359.66088000",
            "time": 1732291194252,
            "isBuyerMaker": false,
            "isBestMatch": true
        },
        {
            "id": 624784,
            "price": "0.92720000",
            "qty": "527.80000000",
            "quoteQty": "489.37616000",
            "time": 1732291195612,
            "isBuyerMaker": false,
            "isBestMatch": true
        },
        {
            "id": 624785,
            "price": "0.92720000",
            "qty": "360.90000000",
            "quoteQty": "334.62648000",
            "time": 1732291195619,
            "isBuyerMaker": false,
            "isBestMatch": true
        },
        {
            "id": 624786,
            "price": "0.92720000",
            "qty": "393.30000000",
            "quoteQty": "364.66776000",
            "time": 1732291195636,
            "isBuyerMaker": false,
            "isBestMatch": true
        },
        {
            "id": 624787,
            "price": "0.92720000",
            "qty": "312.20000000",
            "quoteQty": "289.47184000",
            "time": 1732291197293,
            "isBuyerMaker": false,
            "isBestMatch": true
        },
        {
            "id": 624788,
            "price": "0.92720000",
            "qty": "468.30000000",
            "quoteQty": "434.20776000",
            "time": 1732291197308,
            "isBuyerMaker": false,
            "isBestMatch": true
        },
        {
            "id": 624789,
            "price": "0.92720000",
            "qty": "527.40000000",
            "quoteQty": "489.00528000",
            "time": 1732291198909,
            "isBuyerMaker": false,
            "isBestMatch": true
        },
        {
            "id": 624790,
            "price": "0.92720000",
            "qty": "371.50000000",
            "quoteQty": "344.45480000",
            "time": 1732291198925,
            "isBuyerMaker": false,
            "isBestMatch": true
        },
        {
            "id": 624791,
            "price": "0.92720000",
            "qty": "301.50000000",
            "quoteQty": "279.55080000",
            "time": 1732291198946,
            "isBuyerMaker": false,
            "isBestMatch": true
        },
        {
            "id": 624792,
            "price": "0.92720000",
            "qty": "430.80000000",
            "quoteQty": "399.43776000",
            "time": 1732291198958,
            "isBuyerMaker": false,
            "isBestMatch": true
        },
        {
            "id": 624793,
            "price": "0.92720000",
            "qty": "420.40000000",
            "quoteQty": "389.79488000",
            "time": 1732291200384,
            "isBuyerMaker": false,
            "isBestMatch": true
        },
        {
            "id": 624794,
            "price": "0.92720000",
            "qty": "404.30000000",
            "quoteQty": "374.86696000",
            "time": 1732291201576,
            "isBuyerMaker": false,
            "isBestMatch": true
        },
        {
            "id": 624795,
            "price": "0.92720000",
            "qty": "501.40000000",
            "quoteQty": "464.89808000",
            "time": 1732291203472,
            "isBuyerMaker": false,
            "isBestMatch": true
        },
        {
            "id": 624796,
            "price": "0.92720000",
            "qty": "350.50000000",
            "quoteQty": "324.98360000",
            "time": 1732291206762,
            "isBuyerMaker": false,
            "isBestMatch": true
        },
        {
            "id": 624797,
            "price": "0.92720000",
            "qty": "78.50000000",
            "quoteQty": "72.78520000",
            "time": 1732291208324,
            "isBuyerMaker": false,
            "isBestMatch": true
        },
        {
            "id": 624798,
            "price": "0.92770000",
            "qty": "415.10000000",
            "quoteQty": "385.08827000",
            "time": 1732291213665,
            "isBuyerMaker": false,
            "isBestMatch": true
        },
        {
            "id": 624799,
            "price": "0.92780000",
            "qty": "269.50000000",
            "quoteQty": "250.04210000",
            "time": 1732291215298,
            "isBuyerMaker": false,
            "isBestMatch": true
        },
        {
            "id": 624800,
            "price": "0.92780000",
            "qty": "318.00000000",
            "quoteQty": "295.04040000",
            "time": 1732291216230,
            "isBuyerMaker": false,
            "isBestMatch": true
        },
        {
            "id": 624801,
            "price": "0.92780000",
            "qty": "301.70000000",
            "quoteQty": "279.91726000",
            "time": 1732291217319,
            "isBuyerMaker": false,
            "isBestMatch": true
        },
        {
            "id": 624802,
            "price": "0.92780000",
            "qty": "312.50000000",
            "quoteQty": "289.93750000",
            "time": 1732291218424,
            "isBuyerMaker": false,
            "isBestMatch": true
        },
        {
            "id": 624803,
            "price": "0.92780000",
            "qty": "479.60000000",
            "quoteQty": "444.97288000",
            "time": 1732291218432,
            "isBuyerMaker": false,
            "isBestMatch": true
        },
        {
            "id": 624804,
            "price": "0.92780000",
            "qty": "317.90000000",
            "quoteQty": "294.94762000",
            "time": 1732291220877,
            "isBuyerMaker": false,
            "isBestMatch": true
        },
        {
            "id": 624805,
            "price": "0.92770000",
            "qty": "404.30000000",
            "quoteQty": "375.06911000",
            "time": 1732291226008,
            "isBuyerMaker": false,
            "isBestMatch": true
        },
        {
            "id": 624806,
            "price": "0.92710000",
            "qty": "312.90000000",
            "quoteQty": "290.08959000",
            "time": 1732291233525,
            "isBuyerMaker": false,
            "isBestMatch": true
        },
        {
            "id": 624807,
            "price": "0.92720000",
            "qty": "490.80000000",
            "quoteQty": "455.06976000",
            "time": 1732291237009,
            "isBuyerMaker": false,
            "isBestMatch": true
        },
        {
            "id": 624808,
            "price": "0.92730000",
            "qty": "372.10000000",
            "quoteQty": "345.04833000",
            "time": 1732291240044,
            "isBuyerMaker": false,
            "isBestMatch": true
        },
        {
            "id": 624809,
            "price": "0.92730000",
            "qty": "161.40000000",
            "quoteQty": "149.66622000",
            "time": 1732291240044,
            "isBuyerMaker": false,
            "isBestMatch": true
        },
        {
            "id": 624810,
            "price": "0.92730000",
            "qty": "291.00000000",
            "quoteQty": "269.84430000",
            "time": 1732291243003,
            "isBuyerMaker": false,
            "isBestMatch": true
        },
        {
            "id": 624811,
            "price": "0.92730000",
            "qty": "522.70000000",
            "quoteQty": "484.69971000",
            "time": 1732291243018,
            "isBuyerMaker": false,
            "isBestMatch": true
        },
        {
            "id": 624812,
            "price": "0.92730000",
            "qty": "404.20000000",
            "quoteQty": "374.81466000",
            "time": 1732291243039,
            "isBuyerMaker": false,
            "isBestMatch": true
        },
        {
            "id": 624813,
            "price": "0.92730000",
            "qty": "345.00000000",
            "quoteQty": "319.91850000",
            "time": 1732291243060,
            "isBuyerMaker": false,
            "isBestMatch": true
        },
        {
            "id": 624814,
            "price": "0.92800000",
            "qty": "474.10000000",
            "quoteQty": "439.96480000",
            "time": 1732291244010,
            "isBuyerMaker": false,
            "isBestMatch": true
        },
        {
            "id": 624815,
            "price": "0.92810000",
            "qty": "528.00000000",
            "quoteQty": "490.03680000",
            "time": 1732291245332,
            "isBuyerMaker": false,
            "isBestMatch": true
        },
        {
            "id": 624816,
            "price": "0.92810000",
            "qty": "290.80000000",
            "quoteQty": "269.89148000",
            "time": 1732291247147,
            "isBuyerMaker": false,
            "isBestMatch": true
        },
        {
            "id": 624817,
            "price": "0.92810000",
            "qty": "290.90000000",
            "quoteQty": "269.98429000",
            "time": 1732291247162,
            "isBuyerMaker": false,
            "isBestMatch": true
        },
        {
            "id": 624818,
            "price": "0.92810000",
            "qty": "377.10000000",
            "quoteQty": "349.98651000",
            "time": 1732291248777,
            "isBuyerMaker": false,
            "isBestMatch": true
        },
        {
            "id": 624819,
            "price": "0.92810000",
            "qty": "53.80000000",
            "quoteQty": "49.93178000",
            "time": 1732291249435,
            "isBuyerMaker": false,
            "isBestMatch": true
        },
        {
            "id": 624820,
            "price": "0.92540000",
            "qty": "416.10000000",
            "quoteQty": "385.05894000",
            "time": 1732291267405,
            "isBuyerMaker": false,
            "isBestMatch": true
        },
        {
            "id": 624821,
            "price": "0.92540000",
            "qty": "80.90000000",
            "quoteQty": "74.86486000",
            "time": 1732291267405,
            "isBuyerMaker": false,
            "isBestMatch": true
        },
        {
            "id": 624822,
            "price": "0.92540000",
            "qty": "361.70000000",
            "quoteQty": "334.71718000",
            "time": 1732291269025,
            "isBuyerMaker": false,
            "isBestMatch": true
        },
        {
            "id": 624823,
            "price": "0.92540000",
            "qty": "448.20000000",
            "quoteQty": "414.76428000",
            "time": 1732291269044,
            "isBuyerMaker": false,
            "isBestMatch": true
        },
        {
            "id": 624824,
            "price": "0.92540000",
            "qty": "432.00000000",
            "quoteQty": "399.77280000",
            "time": 1732291269058,
            "isBuyerMaker": false,
            "isBestMatch": true
        },
        {
            "id": 624825,
            "price": "0.92540000",
            "qty": "226.80000000",
            "quoteQty": "209.88072000",
            "time": 1732291269073,
            "isBuyerMaker": false,
            "isBestMatch": true
        },
        {
            "id": 624826,
            "price": "0.92580000",
            "qty": "259.30000000",
            "quoteQty": "240.05994000",
            "time": 1732291269073,
            "isBuyerMaker": false,
            "isBestMatch": true
        },
        {
            "id": 624827,
            "price": "0.92580000",
            "qty": "21.60000000",
            "quoteQty": "19.99728000",
            "time": 1732291269089,
            "isBuyerMaker": false,
            "isBestMatch": true
        },
        {
            "id": 624828,
            "price": "0.92580000",
            "qty": "329.50000000",
            "quoteQty": "305.05110000",
            "time": 1732291274182,
            "isBuyerMaker": false,
            "isBestMatch": true
        },
        {
            "id": 624829,
            "price": "0.92590000",
            "qty": "113.40000000",
            "quoteQty": "104.99706000",
            "time": 1732291274182,
            "isBuyerMaker": false,
            "isBestMatch": true
        },
        {
            "id": 624830,
            "price": "0.92580000",
            "qty": "108.00000000",
            "quoteQty": "99.98640000",
            "time": 1732291279978,
            "isBuyerMaker": false,
            "isBestMatch": true
        },
        {
            "id": 624831,
            "price": "0.92450000",
            "qty": "297.40000000",
            "quoteQty": "274.94630000",
            "time": 1732291285263,
            "isBuyerMaker": false,
            "isBestMatch": true
        },
        {
            "id": 624832,
            "price": "0.92490000",
            "qty": "373.10000000",
            "quoteQty": "345.08019000",
            "time": 1732291286565,
            "isBuyerMaker": false,
            "isBestMatch": true
        },
        {
            "id": 624833,
            "price": "0.92500000",
            "qty": "286.50000000",
            "quoteQty": "265.01250000",
            "time": 1732291287702,
            "isBuyerMaker": false,
            "isBestMatch": true
        },
        {
            "id": 624834,
            "price": "0.92510000",
            "qty": "162.20000000",
            "quoteQty": "150.05122000",
            "time": 1732291287702,
            "isBuyerMaker": false,
            "isBestMatch": true
        },
        {
            "id": 624835,
            "price": "0.92500000",
            "qty": "524.40000000",
            "quoteQty": "485.07000000",
            "time": 1732291290595,
            "isBuyerMaker": false,
            "isBestMatch": true
        },
        {
            "id": 624836,
            "price": "0.92500000",
            "qty": "415.90000000",
            "quoteQty": "384.70750000",
            "time": 1732291292121,
            "isBuyerMaker": false,
            "isBestMatch": true
        },
        {
            "id": 624837,
            "price": "0.92490000",
            "qty": "292.00000000",
            "quoteQty": "270.07080000",
            "time": 1732291300494,
            "isBuyerMaker": false,
            "isBestMatch": true
        },
        {
            "id": 624838,
            "price": "0.92490000",
            "qty": "145.80000000",
            "quoteQty": "134.85042000",
            "time": 1732291300494,
            "isBuyerMaker": false,
            "isBestMatch": true
        },
        {
            "id": 624839,
            "price": "0.92490000",
            "qty": "302.80000000",
            "quoteQty": "280.05972000",
            "time": 1732291301889,
            "isBuyerMaker": false,
            "isBestMatch": true
        },
        {
            "id": 624840,
            "price": "0.92520000",
            "qty": "291.80000000",
            "quoteQty": "269.97336000",
            "time": 1732291307836,
            "isBuyerMaker": false,
            "isBestMatch": true
        },
        {
            "id": 624841,
            "price": "0.92560000",
            "qty": "340.30000000",
            "quoteQty": "314.98168000",
            "time": 1732291309168,
            "isBuyerMaker": false,
            "isBestMatch": true
        },
        {
            "id": 624842,
            "price": "0.92560000",
            "qty": "208.40000000",
            "quoteQty": "192.89504000",
            "time": 1732291309194,
            "isBuyerMaker": false,
            "isBestMatch": true
        },
        {
            "id": 624843,
            "price": "0.92570000",
            "qty": "310.10000000",
            "quoteQty": "287.05957000",
            "time": 1732291309194,
            "isBuyerMaker": false,
            "isBestMatch": true
        },
        {
            "id": 624844,
            "price": "0.92570000",
            "qty": "8.60000000",
            "quoteQty": "7.96102000",
            "time": 1732291309217,
            "isBuyerMaker": false,
            "isBestMatch": true
        },
        {
            "id": 624845,
            "price": "0.92560000",
            "qty": "286.30000000",
            "quoteQty": "264.99928000",
            "time": 1732291312224,
            "isBuyerMaker": false,
            "isBestMatch": true
        },
        {
            "id": 624846,
            "price": "0.92490000",
            "qty": "373.10000000",
            "quoteQty": "345.08019000",
            "time": 1732291319765,
            "isBuyerMaker": true,
            "isBestMatch": true
        },
        {
            "id": 624847,
            "price": "0.92470000",
            "qty": "126.90000000",
            "quoteQty": "117.34443000",
            "time": 1732291319765,
            "isBuyerMaker": true,
            "isBestMatch": true
        },
        {
            "id": 624848,
            "price": "0.92510000",
            "qty": "475.70000000",
            "quoteQty": "440.07007000",
            "time": 1732291319993,
            "isBuyerMaker": false,
            "isBestMatch": true
        },
        {
            "id": 624849,
            "price": "0.92480000",
            "qty": "329.80000000",
            "quoteQty": "304.99904000",
            "time": 1732291323946,
            "isBuyerMaker": false,
            "isBestMatch": true
        },
        {
            "id": 624850,
            "price": "0.92480000",
            "qty": "146.00000000",
            "quoteQty": "135.02080000",
            "time": 1732291323964,
            "isBuyerMaker": false,
            "isBestMatch": true
        },
        {
            "id": 624851,
            "price": "0.92510000",
            "qty": "275.70000000",
            "quoteQty": "255.05007000",
            "time": 1732291326119,
            "isBuyerMaker": false,
            "isBestMatch": true
        },
        {
            "id": 624852,
            "price": "0.92530000",
            "qty": "318.80000000",
            "quoteQty": "294.98564000",
            "time": 1732291328432,
            "isBuyerMaker": false,
            "isBestMatch": true
        },
        {
            "id": 624853,
            "price": "0.92530000",
            "qty": "340.50000000",
            "quoteQty": "315.06465000",
            "time": 1732291336414,
            "isBuyerMaker": false,
            "isBestMatch": true
        },
        {
            "id": 624854,
            "price": "0.92540000",
            "qty": "183.40000000",
            "quoteQty": "169.71836000",
            "time": 1732291336414,
            "isBuyerMaker": false,
            "isBestMatch": true
        },
        {
            "id": 624855,
            "price": "0.92540000",
            "qty": "248.90000000",
            "quoteQty": "230.33206000",
            "time": 1732291336433,
            "isBuyerMaker": false,
            "isBestMatch": true
        },
        {
            "id": 624856,
            "price": "0.92550000",
            "qty": "69.80000000",
            "quoteQty": "64.59990000",
            "time": 1732291336433,
            "isBuyerMaker": false,
            "isBestMatch": true
        },
        {
            "id": 624857,
            "price": "0.92550000",
            "qty": "318.80000000",
            "quoteQty": "295.04940000",
            "time": 1732291336451,
            "isBuyerMaker": false,
            "isBestMatch": true
        },
        {
            "id": 624858,
            "price": "0.92550000",
            "qty": "65.30000000",
            "quoteQty": "60.43515000",
            "time": 1732291336464,
            "isBuyerMaker": false,
            "isBestMatch": true
        },
        {
            "id": 624859,
            "price": "0.92560000",
            "qty": "302.60000000",
            "quoteQty": "280.08656000",
            "time": 1732291341301,
            "isBuyerMaker": false,
            "isBestMatch": true
        },
        {
            "id": 624860,
            "price": "0.92560000",
            "qty": "59.40000000",
            "quoteQty": "54.98064000",
            "time": 1732291341301,
            "isBuyerMaker": false,
            "isBestMatch": true
        },
        {
            "id": 624861,
            "price": "0.92470000",
            "qty": "340.60000000",
            "quoteQty": "314.95282000",
            "time": 1732291354903,
            "isBuyerMaker": false,
            "isBestMatch": true
        },
        {
            "id": 624862,
            "price": "0.92470000",
            "qty": "5.50000000",
            "quoteQty": "5.08585000",
            "time": 1732291354923,
            "isBuyerMaker": false,
            "isBestMatch": true
        },
        {
            "id": 624863,
            "price": "0.92480000",
            "qty": "318.90000000",
            "quoteQty": "294.91872000",
            "time": 1732291354923,
            "isBuyerMaker": false,
            "isBestMatch": true
        },
        {
            "id": 624864,
            "price": "0.92460000",
            "qty": "297.50000000",
            "quoteQty": "275.06850000",
            "time": 1732291356850,
            "isBuyerMaker": false,
            "isBestMatch": true
        },
        {
            "id": 624865,
            "price": "0.92470000",
            "qty": "227.00000000",
            "quoteQty": "209.90690000",
            "time": 1732291356850,
            "isBuyerMaker": false,
            "isBestMatch": true
        },
        {
            "id": 624866,
            "price": "0.92480000",
            "qty": "400.10000000",
            "quoteQty": "370.01248000",
            "time": 1732291359482,
            "isBuyerMaker": false,
            "isBestMatch": true
        },
        {
            "id": 624867,
            "price": "0.92490000",
            "qty": "26.60000000",
            "quoteQty": "24.60234000",
            "time": 1732291359482,
            "isBuyerMaker": false,
            "isBestMatch": true
        },
        {
            "id": 624868,
            "price": "0.92490000",
            "qty": "280.90000000",
            "quoteQty": "259.80441000",
            "time": 1732291359501,
            "isBuyerMaker": false,
            "isBestMatch": true
        },
        {
            "id": 624869,
            "price": "0.92490000",
            "qty": "49.30000000",
            "quoteQty": "45.59757000",
            "time": 1732291359518,
            "isBuyerMaker": false,
            "isBestMatch": true
        },
        {
            "id": 624870,
            "price": "0.92500000",
            "qty": "307.30000000",
            "quoteQty": "284.25250000",
            "time": 1732291359518,
            "isBuyerMaker": false,
            "isBestMatch": true
        },
        {
            "id": 624871,
            "price": "0.92510000",
            "qty": "518.90000000",
            "quoteQty": "480.03439000",
            "time": 1732291363659,
            "isBuyerMaker": false,
            "isBestMatch": true
        },
        {
            "id": 624872,
            "price": "0.92530000",
            "qty": "318.90000000",
            "quoteQty": "295.07817000",
            "time": 1732291364611,
            "isBuyerMaker": false,
            "isBestMatch": true
        },
        {
            "id": 624873,
            "price": "0.92550000",
            "qty": "356.60000000",
            "quoteQty": "330.03330000",
            "time": 1732291365433,
            "isBuyerMaker": false,
            "isBestMatch": true
        },
        {
            "id": 624874,
            "price": "0.92560000",
            "qty": "378.20000000",
            "quoteQty": "350.06192000",
            "time": 1732291366710,
            "isBuyerMaker": false,
            "isBestMatch": true
        },
        {
            "id": 624875,
            "price": "0.92570000",
            "qty": "21.50000000",
            "quoteQty": "19.90255000",
            "time": 1732291366710,
            "isBuyerMaker": false,
            "isBestMatch": true
        },
        {
            "id": 624876,
            "price": "0.92590000",
            "qty": "356.50000000",
            "quoteQty": "330.08335000",
            "time": 1732291367665,
            "isBuyerMaker": false,
            "isBestMatch": true
        },
        {
            "id": 624877,
            "price": "0.92600000",
            "qty": "26.90000000",
            "quoteQty": "24.90940000",
            "time": 1732291367665,
            "isBuyerMaker": false,
            "isBestMatch": true
        },
        {
            "id": 624878,
            "price": "0.92520000",
            "qty": "383.50000000",
            "quoteQty": "354.81420000",
            "time": 1732291375981,
            "isBuyerMaker": false,
            "isBestMatch": true
        },
        {
            "id": 624879,
            "price": "0.92520000",
            "qty": "130.00000000",
            "quoteQty": "120.27600000",
            "time": 1732291375988,
            "isBuyerMaker": false,
            "isBestMatch": true
        },
        {
            "id": 624880,
            "price": "0.92530000",
            "qty": "269.80000000",
            "quoteQty": "249.64594000",
            "time": 1732291375988,
            "isBuyerMaker": false,
            "isBestMatch": true
        },
        {
            "id": 624881,
            "price": "0.92530000",
            "qty": "238.20000000",
            "quoteQty": "220.40646000",
            "time": 1732291379647,
            "isBuyerMaker": false,
            "isBestMatch": true
        },
        {
            "id": 624882,
            "price": "0.92540000",
            "qty": "134.60000000",
            "quoteQty": "124.55884000",
            "time": 1732291379647,
            "isBuyerMaker": false,
            "isBestMatch": true
        },
        {
            "id": 624883,
            "price": "0.92540000",
            "qty": "340.90000000",
            "quoteQty": "315.46886000",
            "time": 1732291385445,
            "isBuyerMaker": false,
            "isBestMatch": true
        },
        {
            "id": 624884,
            "price": "0.92550000",
            "qty": "123.50000000",
            "quoteQty": "114.29925000",
            "time": 1732291385445,
            "isBuyerMaker": false,
            "isBestMatch": true
        },
        {
            "id": 624885,
            "price": "0.92550000",
            "qty": "152.10000000",
            "quoteQty": "140.76855000",
            "time": 1732291385460,
            "isBuyerMaker": false,
            "isBestMatch": true
        },
        {
            "id": 624886,
            "price": "0.92560000",
            "qty": "329.60000000",
            "quoteQty": "305.07776000",
            "time": 1732291385460,
            "isBuyerMaker": false,
            "isBestMatch": true
        },
        {
            "id": 624887,
            "price": "0.92570000",
            "qty": "4.40000000",
            "quoteQty": "4.07308000",
            "time": 1732291385460,
            "isBuyerMaker": false,
            "isBestMatch": true
        },
        {
            "id": 624888,
            "price": "0.92600000",
            "qty": "431.80000000",
            "quoteQty": "399.84680000",
            "time": 1732291393284,
            "isBuyerMaker": false,
            "isBestMatch": true
        },
        {
            "id": 624889,
            "price": "0.92600000",
            "qty": "102.80000000",
            "quoteQty": "95.19280000",
            "time": 1732291393307,
            "isBuyerMaker": false,
            "isBestMatch": true
        },
        {
            "id": 624890,
            "price": "0.92610000",
            "qty": "172.50000000",
            "quoteQty": "159.75225000",
            "time": 1732291393307,
            "isBuyerMaker": false,
            "isBestMatch": true
        },
        {
            "id": 624891,
            "price": "0.92610000",
            "qty": "345.90000000",
            "quoteQty": "320.33799000",
            "time": 1732291393327,
            "isBuyerMaker": false,
            "isBestMatch": true
        },
        {
            "id": 624892,
            "price": "0.92650000",
            "qty": "507.30000000",
            "quoteQty": "470.01345000",
            "time": 1732291395052,
            "isBuyerMaker": false,
            "isBestMatch": true
        },
        {
            "id": 624893,
            "price": "0.92660000",
            "qty": "340.00000000",
            "quoteQty": "315.04400000",
            "time": 1732291399393,
            "isBuyerMaker": false,
            "isBestMatch": true
        },
        {
            "id": 624894,
            "price": "0.92670000",
            "qty": "415.50000000",
            "quoteQty": "385.04385000",
            "time": 1732291401610,
            "isBuyerMaker": false,
            "isBestMatch": true
        },
        {
            "id": 624895,
            "price": "0.92680000",
            "qty": "318.20000000",
            "quoteQty": "294.90776000",
            "time": 1732291403626,
            "isBuyerMaker": false,
            "isBestMatch": true
        },
        {
            "id": 624896,
            "price": "0.92680000",
            "qty": "16.30000000",
            "quoteQty": "15.10684000",
            "time": 1732291403643,
            "isBuyerMaker": false,
            "isBestMatch": true
        },
        {
            "id": 624897,
            "price": "0.92680000",
            "qty": "160.30000000",
            "quoteQty": "148.56604000",
            "time": 1732291403643,
            "isBuyerMaker": false,
            "isBestMatch": true
        },
        {
            "id": 624898,
            "price": "0.92690000",
            "qty": "249.60000000",
            "quoteQty": "231.35424000",
            "time": 1732291403643,
            "isBuyerMaker": false,
            "isBestMatch": true
        },
        {
            "id": 624899,
            "price": "0.92590000",
            "qty": "351.10000000",
            "quoteQty": "325.08349000",
            "time": 1732291417011,
            "isBuyerMaker": false,
            "isBestMatch": true
        },
        {
            "id": 624900,
            "price": "0.92600000",
            "qty": "113.30000000",
            "quoteQty": "104.91580000",
            "time": 1732291417011,
            "isBuyerMaker": false,
            "isBestMatch": true
        },
        {
            "id": 624901,
            "price": "0.92600000",
            "qty": "205.30000000",
            "quoteQty": "190.10780000",
            "time": 1732291417036,
            "isBuyerMaker": false,
            "isBestMatch": true
        },
        {
            "id": 624902,
            "price": "0.92600000",
            "qty": "275.40000000",
            "quoteQty": "255.02040000",
            "time": 1732291420017,
            "isBuyerMaker": false,
            "isBestMatch": true
        },
        {
            "id": 624903,
            "price": "0.92570000",
            "qty": "529.40000000",
            "quoteQty": "490.06558000",
            "time": 1732291426223,
            "isBuyerMaker": true,
            "isBestMatch": true
        },
        {
            "id": 624904,
            "price": "0.92600000",
            "qty": "399.60000000",
            "quoteQty": "370.02960000",
            "time": 1732291428288,
            "isBuyerMaker": false,
            "isBestMatch": true
        },
        {
            "id": 624905,
            "price": "0.92590000",
            "qty": "383.30000000",
            "quoteQty": "354.89747000",
            "time": 1732291432410,
            "isBuyerMaker": false,
            "isBestMatch": true
        },
        {
            "id": 624906,
            "price": "0.92590000",
            "qty": "92.00000000",
            "quoteQty": "85.18280000",
            "time": 1732291432425,
            "isBuyerMaker": false,
            "isBestMatch": true
        },
        {
            "id": 624907,
            "price": "0.92600000",
            "qty": "215.70000000",
            "quoteQty": "199.73820000",
            "time": 1732291432425,
            "isBuyerMaker": false,
            "isBestMatch": true
        },
        {
            "id": 624908,
            "price": "0.92650000",
            "qty": "291.40000000",
            "quoteQty": "269.98210000",
            "time": 1732291433910,
            "isBuyerMaker": false,
            "isBestMatch": true
        },
        {
            "id": 624909,
            "price": "0.92650000",
            "qty": "91.80000000",
            "quoteQty": "85.05270000",
            "time": 1732291433923,
            "isBuyerMaker": false,
            "isBestMatch": true
        },
        {
            "id": 624910,
            "price": "0.92670000",
            "qty": "285.90000000",
            "quoteQty": "264.94353000",
            "time": 1732291435252,
            "isBuyerMaker": false,
            "isBestMatch": true
        },
        {
            "id": 624911,
            "price": "0.92670000",
            "qty": "43.30000000",
            "quoteQty": "40.12611000",
            "time": 1732291435276,
            "isBuyerMaker": false,
            "isBestMatch": true
        },
        {
            "id": 624912,
            "price": "0.92680000",
            "qty": "296.60000000",
            "quoteQty": "274.88888000",
            "time": 1732291435276,
            "isBuyerMaker": false,
            "isBestMatch": true
        },
        {
            "id": 624913,
            "price": "0.92680000",
            "qty": "286.00000000",
            "quoteQty": "265.06480000",
            "time": 1732291437914,
            "isBuyerMaker": false,
            "isBestMatch": true
        },
        {
            "id": 624914,
            "price": "0.92690000",
            "qty": "199.40000000",
            "quoteQty": "184.82386000",
            "time": 1732291437914,
            "isBuyerMaker": false,
            "isBestMatch": true
        },
        {
            "id": 624915,
            "price": "0.92540000",
            "qty": "518.70000000",
            "quoteQty": "480.00498000",
            "time": 1732291444921,
            "isBuyerMaker": true,
            "isBestMatch": true
        },
        {
            "id": 624916,
            "price": "0.92550000",
            "qty": "421.40000000",
            "quoteQty": "390.00570000",
            "time": 1732291447506,
            "isBuyerMaker": false,
            "isBestMatch": true
        },
        {
            "id": 624917,
            "price": "0.92520000",
            "qty": "497.50000000",
            "quoteQty": "460.28700000",
            "time": 1732291449348,
            "isBuyerMaker": true,
            "isBestMatch": true
        },
        {
            "id": 624918,
            "price": "0.92520000",
            "qty": "437.90000000",
            "quoteQty": "405.14508000",
            "time": 1732291449361,
            "isBuyerMaker": true,
            "isBestMatch": true
        },
        {
            "id": 624919,
            "price": "0.92520000",
            "qty": "351.40000000",
            "quoteQty": "325.11528000",
            "time": 1732291450602,
            "isBuyerMaker": true,
            "isBestMatch": true
        },
        {
            "id": 624920,
            "price": "0.92520000",
            "qty": "367.70000000",
            "quoteQty": "340.19604000",
            "time": 1732291452212,
            "isBuyerMaker": true,
            "isBestMatch": true
        },
        {
            "id": 624921,
            "price": "0.92520000",
            "qty": "427.00000000",
            "quoteQty": "395.06040000",
            "time": 1732291453885,
            "isBuyerMaker": true,
            "isBestMatch": true
        },
        {
            "id": 624922,
            "price": "0.92490000",
            "qty": "362.30000000",
            "quoteQty": "335.09127000",
            "time": 1732291457148,
            "isBuyerMaker": true,
            "isBestMatch": true
        },
        {
            "id": 624923,
            "price": "0.92520000",
            "qty": "302.60000000",
            "quoteQty": "279.96552000",
            "time": 1732291460667,
            "isBuyerMaker": false,
            "isBestMatch": true
        },
        {
            "id": 624924,
            "price": "0.92520000",
            "qty": "194.60000000",
            "quoteQty": "180.04392000",
            "time": 1732291460673,
            "isBuyerMaker": false,
            "isBestMatch": true
        },
        {
            "id": 624925,
            "price": "0.92530000",
            "qty": "275.50000000",
            "quoteQty": "254.92015000",
            "time": 1732291460673,
            "isBuyerMaker": false,
            "isBestMatch": true
        },
        {
            "id": 624926,
            "price": "0.92530000",
            "qty": "48.80000000",
            "quoteQty": "45.15464000",
            "time": 1732291460682,
            "isBuyerMaker": false,
            "isBestMatch": true
        },
        {
            "id": 624927,
            "price": "0.92540000",
            "qty": "237.60000000",
            "quoteQty": "219.87504000",
            "time": 1732291460682,
            "isBuyerMaker": false,
            "isBestMatch": true
        },
        {
            "id": 624928,
            "price": "0.92570000",
            "qty": "372.70000000",
            "quoteQty": "345.00839000",
            "time": 1732291463282,
            "isBuyerMaker": false,
            "isBestMatch": true
        },
        {
            "id": 624929,
            "price": "0.92580000",
            "qty": "129.60000000",
            "quoteQty": "119.98368000",
            "time": 1732291463282,
            "isBuyerMaker": false,
            "isBestMatch": true
        },
        {
            "id": 624930,
            "price": "0.92590000",
            "qty": "318.70000000",
            "quoteQty": "295.08433000",
            "time": 1732291465862,
            "isBuyerMaker": false,
            "isBestMatch": true
        },
        {
            "id": 624931,
            "price": "0.92590000",
            "qty": "378.10000000",
            "quoteQty": "350.08279000",
            "time": 1732291472115,
            "isBuyerMaker": false,
            "isBestMatch": true
        },
        {
            "id": 624932,
            "price": "0.92600000",
            "qty": "356.40000000",
            "quoteQty": "330.02640000",
            "time": 1732291473895,
            "isBuyerMaker": false,
            "isBestMatch": true
        },
        {
            "id": 624933,
            "price": "0.92610000",
            "qty": "156.60000000",
            "quoteQty": "145.02726000",
            "time": 1732291473895,
            "isBuyerMaker": false,
            "isBestMatch": true
        },
        {
            "id": 624934,
            "price": "0.92620000",
            "qty": "334.80000000",
            "quoteQty": "310.09176000",
            "time": 1732291475537,
            "isBuyerMaker": false,
            "isBestMatch": true
        },
        {
            "id": 624935,
            "price": "0.92630000",
            "qty": "183.20000000",
            "quoteQty": "169.69816000",
            "time": 1732291475537,
            "isBuyerMaker": false,
            "isBestMatch": true
        },
        {
            "id": 624936,
            "price": "0.92630000",
            "qty": "102.90000000",
            "quoteQty": "95.31627000",
            "time": 1732291475557,
            "isBuyerMaker": false,
            "isBestMatch": true
        },
        {
            "id": 624937,
            "price": "0.92640000",
            "qty": "366.60000000",
            "quoteQty": "339.61824000",
            "time": 1732291475557,
            "isBuyerMaker": false,
            "isBestMatch": true
        },
        {
            "id": 624938,
            "price": "0.92680000",
            "qty": "350.70000000",
            "quoteQty": "325.02876000",
            "time": 1732291477429,
            "isBuyerMaker": false,
            "isBestMatch": true
        },
        {
            "id": 624939,
            "price": "0.92680000",
            "qty": "178.10000000",
            "quoteQty": "165.06308000",
            "time": 1732291477442,
            "isBuyerMaker": false,
            "isBestMatch": true
        },
        {
            "id": 624940,
            "price": "0.92700000",
            "qty": "404.60000000",
            "quoteQty": "375.06420000",
            "time": 1732291478906,
            "isBuyerMaker": false,
            "isBestMatch": true
        },
        {
            "id": 624941,
            "price": "0.92710000",
            "qty": "31.30000000",
            "quoteQty": "29.01823000",
            "time": 1732291478906,
            "isBuyerMaker": false,
            "isBestMatch": true
        },
        {
            "id": 624942,
            "price": "0.92930000",
            "qty": "285.10000000",
            "quoteQty": "264.94343000",
            "time": 1732291480499,
            "isBuyerMaker": false,
            "isBestMatch": true
        },
        {
            "id": 624943,
            "price": "0.92970000",
            "qty": "317.40000000",
            "quoteQty": "295.08678000",
            "time": 1732291481733,
            "isBuyerMaker": false,
            "isBestMatch": true
        },
        {
            "id": 624944,
            "price": "0.92910000",
            "qty": "387.50000000",
            "quoteQty": "360.02625000",
            "time": 1732291488663,
            "isBuyerMaker": false,
            "isBestMatch": true
        },
        {
            "id": 624945,
            "price": "0.92870000",
            "qty": "495.40000000",
            "quoteQty": "460.07798000",
            "time": 1732291495376,
            "isBuyerMaker": false,
            "isBestMatch": true
        },
        {
            "id": 624946,
            "price": "0.92880000",
            "qty": "42.60000000",
            "quoteQty": "39.56688000",
            "time": 1732291495376,
            "isBuyerMaker": false,
            "isBestMatch": true
        },
        {
            "id": 624947,
            "price": "0.92880000",
            "qty": "360.50000000",
            "quoteQty": "334.83240000",
            "time": 1732291495390,
            "isBuyerMaker": false,
            "isBestMatch": true
        },
        {
            "id": 624948,
            "price": "0.92920000",
            "qty": "274.50000000",
            "quoteQty": "255.06540000",
            "time": 1732291498382,
            "isBuyerMaker": false,
            "isBestMatch": true
        },
        {
            "id": 624949,
            "price": "0.92930000",
            "qty": "209.70000000",
            "quoteQty": "194.87421000",
            "time": 1732291498382,
            "isBuyerMaker": false,
            "isBestMatch": true
        },
        {
            "id": 624950,
            "price": "0.92930000",
            "qty": "301.40000000",
            "quoteQty": "280.09102000",
            "time": 1732291505880,
            "isBuyerMaker": false,
            "isBestMatch": true
        },
        {
            "id": 624951,
            "price": "0.92920000",
            "qty": "306.70000000",
            "quoteQty": "284.98564000",
            "time": 1732291509828,
            "isBuyerMaker": false,
            "isBestMatch": true
        },
        {
            "id": 624952,
            "price": "0.92930000",
            "qty": "392.60000000",
            "quoteQty": "364.84318000",
            "time": 1732291511827,
            "isBuyerMaker": false,
            "isBestMatch": true
        },
        {
            "id": 624953,
            "price": "0.92970000",
            "qty": "349.60000000",
            "quoteQty": "325.02312000",
            "time": 1732291517978,
            "isBuyerMaker": false,
            "isBestMatch": true
        },
        {
            "id": 624954,
            "price": "0.92980000",
            "qty": "211.50000000",
            "quoteQty": "196.65270000",
            "time": 1732291519529,
            "isBuyerMaker": false,
            "isBestMatch": true
        },
        {
            "id": 624955,
            "price": "0.92980000",
            "qty": "261.70000000",
            "quoteQty": "243.32866000",
            "time": 1732291519529,
            "isBuyerMaker": false,
            "isBestMatch": true
        },
        {
            "id": 624956,
            "price": "0.92970000",
            "qty": "360.30000000",
            "quoteQty": "334.97091000",
            "time": 1732291519544,
            "isBuyerMaker": false,
            "isBestMatch": true
        },
        {
            "id": 624957,
            "price": "0.92970000",
            "qty": "124.70000000",
            "quoteQty": "115.93359000",
            "time": 1732291526177,
            "isBuyerMaker": false,
            "isBestMatch": true
        },
        {
            "id": 624958,
            "price": "0.93000000",
            "qty": "305.20000000",
            "quoteQty": "283.83600000",
            "time": 1732291526177,
            "isBuyerMaker": false,
            "isBestMatch": true
        },
        {
            "id": 624959,
            "price": "0.92990000",
            "qty": "317.10000000",
            "quoteQty": "294.87129000",
            "time": 1732291526197,
            "isBuyerMaker": false,
            "isBestMatch": true
        },
        {
            "id": 624960,
            "price": "0.92990000",
            "qty": "188.30000000",
            "quoteQty": "175.10017000",
            "time": 1732291527687,
            "isBuyerMaker": false,
            "isBestMatch": true
        },
        {
            "id": 624961,
            "price": "0.93010000",
            "qty": "333.30000000",
            "quoteQty": "310.00233000",
            "time": 1732291529127,
            "isBuyerMaker": false,
            "isBestMatch": true
        },
        {
            "id": 624962,
            "price": "0.93010000",
            "qty": "139.80000000",
            "quoteQty": "130.02798000",
            "time": 1732291529127,
            "isBuyerMaker": false,
            "isBestMatch": true
        },
        {
            "id": 624963,
            "price": "0.93010000",
            "qty": "317.20000000",
            "quoteQty": "295.02772000",
            "time": 1732291530439,
            "isBuyerMaker": false,
            "isBestMatch": true
        },
        {
            "id": 624964,
            "price": "0.93010000",
            "qty": "21.30000000",
            "quoteQty": "19.81113000",
            "time": 1732291531439,
            "isBuyerMaker": false,
            "isBestMatch": true
        },
        {
            "id": 624965,
            "price": "0.93040000",
            "qty": "301.20000000",
            "quoteQty": "280.23648000",
            "time": 1732291531439,
            "isBuyerMaker": false,
            "isBestMatch": true
        },
        {
            "id": 624966,
            "price": "0.93040000",
            "qty": "48.20000000",
            "quoteQty": "44.84528000",
            "time": 1732291531456,
            "isBuyerMaker": false,
            "isBestMatch": true
        },
        {
            "id": 624967,
            "price": "0.93050000",
            "qty": "456.30000000",
            "quoteQty": "424.58715000",
            "time": 1732291533678,
            "isBuyerMaker": false,
            "isBestMatch": true
        },
        {
            "id": 624968,
            "price": "0.93060000",
            "qty": "27.20000000",
            "quoteQty": "25.31232000",
            "time": 1732291533678,
            "isBuyerMaker": false,
            "isBestMatch": true
        },
        {
            "id": 624969,
            "price": "0.93090000",
            "qty": "461.30000000",
            "quoteQty": "429.42417000",
            "time": 1732291535425,
            "isBuyerMaker": false,
            "isBestMatch": true
        },
        {
            "id": 624970,
            "price": "0.93090000",
            "qty": "0.70000000",
            "quoteQty": "0.65163000",
            "time": 1732291535440,
            "isBuyerMaker": false,
            "isBestMatch": true
        },
        {
            "id": 624971,
            "price": "0.93100000",
            "qty": "306.20000000",
            "quoteQty": "285.07220000",
            "time": 1732291535440,
            "isBuyerMaker": false,
            "isBestMatch": true
        },
        {
            "id": 624972,
            "price": "0.93110000",
            "qty": "68.60000000",
            "quoteQty": "63.87346000",
            "time": 1732291535440,
            "isBuyerMaker": false,
            "isBestMatch": true
        },
        {
            "id": 624973,
            "price": "0.93230000",
            "qty": "375.50000000",
            "quoteQty": "350.07865000",
            "time": 1732291538311,
            "isBuyerMaker": false,
            "isBestMatch": true
        },
        {
            "id": 624974,
            "price": "0.93240000",
            "qty": "26.70000000",
            "quoteQty": "24.89508000",
            "time": 1732291538311,
            "isBuyerMaker": false,
            "isBestMatch": true
        },
        {
            "id": 624975,
            "price": "0.93240000",
            "qty": "268.30000000",
            "quoteQty": "250.16292000",
            "time": 1732291538338,
            "isBuyerMaker": false,
            "isBestMatch": true
        },
        {
            "id": 624976,
            "price": "0.93250000",
            "qty": "386.10000000",
            "quoteQty": "360.03825000",
            "time": 1732291542332,
            "isBuyerMaker": false,
            "isBestMatch": true
        },
        {
            "id": 624977,
            "price": "0.93120000",
            "qty": "435.00000000",
            "quoteQty": "405.07200000",
            "time": 1732291545316,
            "isBuyerMaker": false,
            "isBestMatch": true
        },
        {
            "id": 624978,
            "price": "0.93120000",
            "qty": "85.30000000",
            "quoteQty": "79.43136000",
            "time": 1732291545316,
            "isBuyerMaker": false,
            "isBestMatch": true
        },
        {
            "id": 624979,
            "price": "0.93200000",
            "qty": "262.10000000",
            "quoteQty": "244.27720000",
            "time": 1732291547756,
            "isBuyerMaker": false,
            "isBestMatch": true
        },
        {
            "id": 624980,
            "price": "0.93180000",
            "qty": "289.80000000",
            "quoteQty": "270.03564000",
            "time": 1732291551862,
            "isBuyerMaker": false,
            "isBestMatch": true
        },
        {
            "id": 624981,
            "price": "0.93180000",
            "qty": "91.20000000",
            "quoteQty": "84.98016000",
            "time": 1732291551862,
            "isBuyerMaker": false,
            "isBestMatch": true
        },
        {
            "id": 624982,
            "price": "0.93180000",
            "qty": "338.10000000",
            "quoteQty": "315.04158000",
            "time": 1732291551875,
            "isBuyerMaker": false,
            "isBestMatch": true
        },
        {
            "id": 624983,
            "price": "0.93140000",
            "qty": "391.90000000",
            "quoteQty": "365.01566000",
            "time": 1732291557568,
            "isBuyerMaker": false,
            "isBestMatch": true
        },
        {
            "id": 624984,
            "price": "0.93160000",
            "qty": "493.80000000",
            "quoteQty": "460.02408000",
            "time": 1732291559128,
            "isBuyerMaker": false,
            "isBestMatch": true
        },
        {
            "id": 624985,
            "price": "0.93170000",
            "qty": "26.70000000",
            "quoteQty": "24.87639000",
            "time": 1732291559128,
            "isBuyerMaker": false,
            "isBestMatch": true
        },
        {
            "id": 624986,
            "price": "0.93150000",
            "qty": "346.80000000",
            "quoteQty": "323.04420000",
            "time": 1732291559142,
            "isBuyerMaker": false,
            "isBestMatch": true
        },
        {
            "id": 624987,
            "price": "0.93170000",
            "qty": "163.00000000",
            "quoteQty": "151.86710000",
            "time": 1732291559142,
            "isBuyerMaker": false,
            "isBestMatch": true
        },
        {
            "id": 624988,
            "price": "0.93170000",
            "qty": "207.50000000",
            "quoteQty": "193.32775000",
            "time": 1732291559157,
            "isBuyerMaker": false,
            "isBestMatch": true
        },
        {
            "id": 624989,
            "price": "0.93100000",
            "qty": "273.90000000",
            "quoteQty": "255.00090000",
            "time": 1732291564929,
            "isBuyerMaker": false,
            "isBestMatch": true
        },
        {
            "id": 624990,
            "price": "0.93130000",
            "qty": "359.70000000",
            "quoteQty": "334.98861000",
            "time": 1732291566102,
            "isBuyerMaker": false,
            "isBestMatch": true
        },
        {
            "id": 624991,
            "price": "0.93160000",
            "qty": "370.40000000",
            "quoteQty": "345.06464000",
            "time": 1732291567301,
            "isBuyerMaker": false,
            "isBestMatch": true
        },
        {
            "id": 624992,
            "price": "0.93170000",
            "qty": "90.70000000",
            "quoteQty": "84.50519000",
            "time": 1732291567301,
            "isBuyerMaker": false,
            "isBestMatch": true
        },
        {
            "id": 624993,
            "price": "0.93270000",
            "qty": "327.10000000",
            "quoteQty": "305.08617000",
            "time": 1732291568936,
            "isBuyerMaker": false,
            "isBestMatch": true
        },
        {
            "id": 624994,
            "price": "0.93270000",
            "qty": "85.70000000",
            "quoteQty": "79.93239000",
            "time": 1732291568936,
            "isBuyerMaker": false,
            "isBestMatch": true
        },
        {
            "id": 624995,
            "price": "0.93260000",
            "qty": "391.40000000",
            "quoteQty": "365.01964000",
            "time": 1732291572961,
            "isBuyerMaker": false,
            "isBestMatch": true
        },
        {
            "id": 624996,
            "price": "0.92700000",
            "qty": "339.90000000",
            "quoteQty": "315.08730000",
            "time": 1732291593687,
            "isBuyerMaker": true,
            "isBestMatch": true
        },
        {
            "id": 624997,
            "price": "0.92700000",
            "qty": "464.10000000",
            "quoteQty": "430.22070000",
            "time": 1732291596117,
            "isBuyerMaker": true,
            "isBestMatch": true
        },
        {
            "id": 624998,
            "price": "0.92700000",
            "qty": "518.00000000",
            "quoteQty": "480.18600000",
            "time": 1732291596134,
            "isBuyerMaker": true,
            "isBestMatch": true
        },
        {
            "id": 624999,
            "price": "0.92710000",
            "qty": "339.80000000",
            "quoteQty": "315.02858000",
            "time": 1732291598081,
            "isBuyerMaker": false,
            "isBestMatch": true
        },
        {
            "id": 625000,
            "price": "0.92730000",
            "qty": "10.80000000",
            "quoteQty": "10.01484000",
            "time": 1732291602680,
            "isBuyerMaker": false,
            "isBestMatch": true
        },
        {
            "id": 625001,
            "price": "0.92730000",
            "qty": "350.50000000",
            "quoteQty": "325.01865000",
            "time": 1732291602885,
            "isBuyerMaker": false,
            "isBestMatch": true
        },
        {
            "id": 625002,
            "price": "0.92720000",
            "qty": "345.20000000",
            "quoteQty": "320.06944000",
            "time": 1732291606142,
            "isBuyerMaker": false,
            "isBestMatch": true
        },
        {
            "id": 625003,
            "price": "0.92700000",
            "qty": "415.50000000",
            "quoteQty": "385.16850000",
            "time": 1732291608131,
            "isBuyerMaker": true,
            "isBestMatch": true
        },
        {
            "id": 625004,
            "price": "0.92700000",
            "qty": "286.00000000",
            "quoteQty": "265.12200000",
            "time": 1732291608144,
            "isBuyerMaker": true,
            "isBestMatch": true
        },
        {
            "id": 625005,
            "price": "0.92700000",
            "qty": "377.60000000",
            "quoteQty": "350.03520000",
            "time": 1732291610105,
            "isBuyerMaker": true,
            "isBestMatch": true
        },
        {
            "id": 625006,
            "price": "0.92720000",
            "qty": "393.70000000",
            "quoteQty": "365.03864000",
            "time": 1732291613947,
            "isBuyerMaker": false,
            "isBestMatch": true
        },
        {
            "id": 625007,
            "price": "0.92730000",
            "qty": "70.10000000",
            "quoteQty": "65.00373000",
            "time": 1732291613947,
            "isBuyerMaker": false,
            "isBestMatch": true
        },
        {
            "id": 625008,
            "price": "0.92740000",
            "qty": "382.80000000",
            "quoteQty": "355.00872000",
            "time": 1732291615434,
            "isBuyerMaker": false,
            "isBestMatch": true
        },
        {
            "id": 625009,
            "price": "0.92750000",
            "qty": "26.80000000",
            "quoteQty": "24.85700000",
            "time": 1732291615434,
            "isBuyerMaker": false,
            "isBestMatch": true
        },
        {
            "id": 625010,
            "price": "0.92750000",
            "qty": "442.00000000",
            "quoteQty": "409.95500000",
            "time": 1732291615457,
            "isBuyerMaker": false,
            "isBestMatch": true
        },
        {
            "id": 625011,
            "price": "0.92750000",
            "qty": "43.40000000",
            "quoteQty": "40.25350000",
            "time": 1732291615473,
            "isBuyerMaker": false,
            "isBestMatch": true
        },
        {
            "id": 625012,
            "price": "0.92760000",
            "qty": "253.10000000",
            "quoteQty": "234.77556000",
            "time": 1732291615473,
            "isBuyerMaker": false,
            "isBestMatch": true
        },
        {
            "id": 625013,
            "price": "0.92790000",
            "qty": "415.00000000",
            "quoteQty": "385.07850000",
            "time": 1732291616954,
            "isBuyerMaker": false,
            "isBestMatch": true
        },
        {
            "id": 625014,
            "price": "0.92800000",
            "qty": "269.40000000",
            "quoteQty": "250.00320000",
            "time": 1732291618478,
            "isBuyerMaker": false,
            "isBestMatch": true
        },
        {
            "id": 625015,
            "price": "0.92810000",
            "qty": "91.30000000",
            "quoteQty": "84.73553000",
            "time": 1732291618478,
            "isBuyerMaker": false,
            "isBestMatch": true
        },
        {
            "id": 625016,
            "price": "0.92810000",
            "qty": "333.80000000",
            "quoteQty": "309.79978000",
            "time": 1732291618499,
            "isBuyerMaker": false,
            "isBestMatch": true
        },
        {
            "id": 625017,
            "price": "0.92810000",
            "qty": "65.20000000",
            "quoteQty": "60.51212000",
            "time": 1732291618526,
            "isBuyerMaker": false,
            "isBestMatch": true
        },
        {
            "id": 625018,
            "price": "0.92820000",
            "qty": "333.30000000",
            "quoteQty": "309.36906000",
            "time": 1732291618526,
            "isBuyerMaker": false,
            "isBestMatch": true
        },
        {
            "id": 625019,
            "price": "0.92820000",
            "qty": "151.60000000",
            "quoteQty": "140.71512000",
            "time": 1732291618564,
            "isBuyerMaker": false,
            "isBestMatch": true
        },
        {
            "id": 625020,
            "price": "0.92830000",
            "qty": "301.70000000",
            "quoteQty": "280.06811000",
            "time": 1732291618564,
            "isBuyerMaker": false,
            "isBestMatch": true
        },
        {
            "id": 625021,
            "price": "0.92840000",
            "qty": "85.30000000",
            "quoteQty": "79.19252000",
            "time": 1732291618564,
            "isBuyerMaker": false,
            "isBestMatch": true
        },
        {
            "id": 625022,
            "price": "0.92860000",
            "qty": "306.80000000",
            "quoteQty": "284.89448000",
            "time": 1732291620489,
            "isBuyerMaker": false,
            "isBestMatch": true
        },
        {
            "id": 625023,
            "price": "0.92860000",
            "qty": "473.70000000",
            "quoteQty": "439.87782000",
            "time": 1732291621943,
            "isBuyerMaker": false,
            "isBestMatch": true
        },
        {
            "id": 625024,
            "price": "0.92860000",
            "qty": "138.90000000",
            "quoteQty": "128.98254000",
            "time": 1732291621953,
            "isBuyerMaker": false,
            "isBestMatch": true
        },
        {
            "id": 625025,
            "price": "0.92900000",
            "qty": "349.90000000",
            "quoteQty": "325.05710000",
            "time": 1732291623652,
            "isBuyerMaker": false,
            "isBestMatch": true
        },
        {
            "id": 625026,
            "price": "0.92880000",
            "qty": "328.40000000",
            "quoteQty": "305.01792000",
            "time": 1732291626789,
            "isBuyerMaker": false,
            "isBestMatch": true
        },
        {
            "id": 625027,
            "price": "0.92840000",
            "qty": "500.40000000",
            "quoteQty": "464.57136000",
            "time": 1732291634257,
            "isBuyerMaker": false,
            "isBestMatch": true
        },
        {
            "id": 625028,
            "price": "0.92950000",
            "qty": "371.20000000",
            "quoteQty": "345.03040000",
            "time": 1732291636992,
            "isBuyerMaker": false,
            "isBestMatch": true
        },
        {
            "id": 625029,
            "price": "0.92950000",
            "qty": "10.60000000",
            "quoteQty": "9.85270000",
            "time": 1732291636992,
            "isBuyerMaker": false,
            "isBestMatch": true
        },
        {
            "id": 625030,
            "price": "0.92870000",
            "qty": "382.30000000",
            "quoteQty": "355.04201000",
            "time": 1732291646223,
            "isBuyerMaker": false,
            "isBestMatch": true
        },
        {
            "id": 625031,
            "price": "0.92880000",
            "qty": "123.70000000",
            "quoteQty": "114.89256000",
            "time": 1732291646223,
            "isBuyerMaker": false,
            "isBestMatch": true
        },
        {
            "id": 625032,
            "price": "0.92900000",
            "qty": "355.30000000",
            "quoteQty": "330.07370000",
            "time": 1732291647683,
            "isBuyerMaker": false,
            "isBestMatch": true
        },
        {
            "id": 625033,
            "price": "0.92910000",
            "qty": "5.30000000",
            "quoteQty": "4.92423000",
            "time": 1732291647683,
            "isBuyerMaker": false,
            "isBestMatch": true
        },
        {
            "id": 625034,
            "price": "0.92910000",
            "qty": "436.00000000",
            "quoteQty": "405.08760000",
            "time": 1732291647690,
            "isBuyerMaker": false,
            "isBestMatch": true
        },
        {
            "id": 625035,
            "price": "0.92930000",
            "qty": "296.00000000",
            "quoteQty": "275.07280000",
            "time": 1732291649609,
            "isBuyerMaker": false,
            "isBestMatch": true
        },
        {
            "id": 625036,
            "price": "0.92940000",
            "qty": "161.30000000",
            "quoteQty": "149.91222000",
            "time": 1732291649609,
            "isBuyerMaker": false,
            "isBestMatch": true
        },
        {
            "id": 625037,
            "price": "0.92950000",
            "qty": "279.40000000",
            "quoteQty": "259.70230000",
            "time": 1732291651343,
            "isBuyerMaker": false,
            "isBestMatch": true
        },
        {
            "id": 625038,
            "price": "0.93070000",
            "qty": "375.90000000",
            "quoteQty": "349.85013000",
            "time": 1732291656908,
            "isBuyerMaker": false,
            "isBestMatch": true
        },
        {
            "id": 625039,
            "price": "0.93090000",
            "qty": "300.60000000",
            "quoteQty": "279.82854000",
            "time": 1732291664835,
            "isBuyerMaker": false,
            "isBestMatch": true
        },
        {
            "id": 625040,
            "price": "0.93090000",
            "qty": "225.80000000",
            "quoteQty": "210.19722000",
            "time": 1732291664841,
            "isBuyerMaker": false,
            "isBestMatch": true
        },
        {
            "id": 625041,
            "price": "0.93100000",
            "qty": "273.40000000",
            "quoteQty": "254.53540000",
            "time": 1732291664841,
            "isBuyerMaker": false,
            "isBestMatch": true
        },
        {
            "id": 625042,
            "price": "0.93180000",
            "qty": "337.80000000",
            "quoteQty": "314.76204000",
            "time": 1732291667411,
            "isBuyerMaker": false,
            "isBestMatch": true
        },
        {
            "id": 625043,
            "price": "0.93220000",
            "qty": "407.60000000",
            "quoteQty": "379.96472000",
            "time": 1732291671212,
            "isBuyerMaker": false,
            "isBestMatch": true
        },
        {
            "id": 625044,
            "price": "0.93160000",
            "qty": "295.20000000",
            "quoteQty": "275.00832000",
            "time": 1732291677500,
            "isBuyerMaker": false,
            "isBestMatch": true
        },
        {
            "id": 625045,
            "price": "0.93180000",
            "qty": "413.10000000",
            "quoteQty": "384.92658000",
            "time": 1732291678652,
            "isBuyerMaker": false,
            "isBestMatch": true
        },
        {
            "id": 625046,
            "price": "0.93190000",
            "qty": "364.90000000",
            "quoteQty": "340.05031000",
            "time": 1732291678666,
            "isBuyerMaker": false,
            "isBestMatch": true
        },
        {
            "id": 625047,
            "price": "0.93170000",
            "qty": "10.80000000",
            "quoteQty": "10.06236000",
            "time": 1732291683912,
            "isBuyerMaker": true,
            "isBestMatch": true
        },
        {
            "id": 625048,
            "price": "0.92960000",
            "qty": "473.30000000",
            "quoteQty": "439.97968000",
            "time": 1732291686737,
            "isBuyerMaker": false,
            "isBestMatch": true
        },
        {
            "id": 625049,
            "price": "0.92980000",
            "qty": "317.30000000",
            "quoteQty": "295.02554000",
            "time": 1732291687975,
            "isBuyerMaker": false,
            "isBestMatch": true
        },
        {
            "id": 625050,
            "price": "0.93080000",
            "qty": "300.90000000",
            "quoteQty": "280.07772000",
            "time": 1732291689145,
            "isBuyerMaker": false,
            "isBestMatch": true
        },
        {
            "id": 625051,
            "price": "0.93080000",
            "qty": "177.20000000",
            "quoteQty": "164.93776000",
            "time": 1732291689145,
            "isBuyerMaker": false,
            "isBestMatch": true
        },
        {
            "id": 625052,
            "price": "0.93080000",
            "qty": "526.30000000",
            "quoteQty": "489.88004000",
            "time": 1732291690075,
            "isBuyerMaker": false,
            "isBestMatch": true
        },
        {
            "id": 625053,
            "price": "0.93100000",
            "qty": "295.40000000",
            "quoteQty": "275.01740000",
            "time": 1732291693752,
            "isBuyerMaker": false,
            "isBestMatch": true
        },
        {
            "id": 625054,
            "price": "0.93110000",
            "qty": "300.70000000",
            "quoteQty": "279.98177000",
            "time": 1732291695374,
            "isBuyerMaker": false,
            "isBestMatch": true
        },
        {
            "id": 625055,
            "price": "0.93110000",
            "qty": "128.90000000",
            "quoteQty": "120.01879000",
            "time": 1732291695392,
            "isBuyerMaker": false,
            "isBestMatch": true
        },
        {
            "id": 625056,
            "price": "0.93120000",
            "qty": "187.90000000",
            "quoteQty": "174.97248000",
            "time": 1732291695392,
            "isBuyerMaker": false,
            "isBestMatch": true
        },
        {
            "id": 625057,
            "price": "0.93130000",
            "qty": "385.70000000",
            "quoteQty": "359.20241000",
            "time": 1732291698500,
            "isBuyerMaker": false,
            "isBestMatch": true
        },
        {
            "id": 625058,
            "price": "0.93130000",
            "qty": "273.80000000",
            "quoteQty": "254.98994000",
            "time": 1732291698513,
            "isBuyerMaker": false,
            "isBestMatch": true
        },
        {
            "id": 625059,
            "price": "0.93140000",
            "qty": "181.60000000",
            "quoteQty": "169.14224000",
            "time": 1732291698513,
            "isBuyerMaker": false,
            "isBestMatch": true
        },
        {
            "id": 625060,
            "price": "0.93140000",
            "qty": "344.50000000",
            "quoteQty": "320.86730000",
            "time": 1732291698532,
            "isBuyerMaker": false,
            "isBestMatch": true
        },
        {
            "id": 625061,
            "price": "0.93150000",
            "qty": "73.50000000",
            "quoteQty": "68.46525000",
            "time": 1732291698532,
            "isBuyerMaker": false,
            "isBestMatch": true
        },
        {
            "id": 625062,
            "price": "0.93150000",
            "qty": "318.40000000",
            "quoteQty": "296.58960000",
            "time": 1732291698556,
            "isBuyerMaker": false,
            "isBestMatch": true
        },
        {
            "id": 625063,
            "price": "0.93160000",
            "qty": "121.00000000",
            "quoteQty": "112.72360000",
            "time": 1732291698556,
            "isBuyerMaker": false,
            "isBestMatch": true
        },
        {
            "id": 625064,
            "price": "0.93160000",
            "qty": "281.60000000",
            "quoteQty": "262.33856000",
            "time": 1732291698574,
            "isBuyerMaker": false,
            "isBestMatch": true
        },
        {
            "id": 625065,
            "price": "0.93170000",
            "qty": "168.60000000",
            "quoteQty": "157.08462000",
            "time": 1732291698574,
            "isBuyerMaker": false,
            "isBestMatch": true
        },
        {
            "id": 625066,
            "price": "0.93350000",
            "qty": "353.60000000",
            "quoteQty": "330.08560000",
            "time": 1732291700726,
            "isBuyerMaker": false,
            "isBestMatch": true
        },
        {
            "id": 625067,
            "price": "0.93360000",
            "qty": "31.60000000",
            "quoteQty": "29.50176000",
            "time": 1732291700726,
            "isBuyerMaker": false,
            "isBestMatch": true
        },
        {
            "id": 625068,
            "price": "0.93360000",
            "qty": "278.20000000",
            "quoteQty": "259.72752000",
            "time": 1732291700742,
            "isBuyerMaker": false,
            "isBestMatch": true
        },
        {
            "id": 625069,
            "price": "0.93480000",
            "qty": "283.50000000",
            "quoteQty": "265.01580000",
            "time": 1732291703296,
            "isBuyerMaker": false,
            "isBestMatch": true
        },
        {
            "id": 625070,
            "price": "0.93480000",
            "qty": "64.20000000",
            "quoteQty": "60.01416000",
            "time": 1732291703310,
            "isBuyerMaker": false,
            "isBestMatch": true
        },
        {
            "id": 625071,
            "price": "0.93470000",
            "qty": "336.90000000",
            "quoteQty": "314.90043000",
            "time": 1732291707367,
            "isBuyerMaker": false,
            "isBestMatch": true
        },
        {
            "id": 625072,
            "price": "0.93520000",
            "qty": "416.90000000",
            "quoteQty": "389.88488000",
            "time": 1732291709008,
            "isBuyerMaker": false,
            "isBestMatch": true
        },
        {
            "id": 625073,
            "price": "0.93500000",
            "qty": "353.00000000",
            "quoteQty": "330.05500000",
            "time": 1732291713837,
            "isBuyerMaker": false,
            "isBestMatch": true
        },
        {
            "id": 625074,
            "price": "0.93500000",
            "qty": "524.00000000",
            "quoteQty": "489.94000000",
            "time": 1732291715662,
            "isBuyerMaker": false,
            "isBestMatch": true
        },
        {
            "id": 625075,
            "price": "0.93530000",
            "qty": "331.40000000",
            "quoteQty": "309.95842000",
            "time": 1732291717613,
            "isBuyerMaker": false,
            "isBestMatch": true
        },
        {
            "id": 625076,
            "price": "0.93540000",
            "qty": "342.10000000",
            "quoteQty": "320.00034000",
            "time": 1732291721617,
            "isBuyerMaker": false,
            "isBestMatch": true
        },
        {
            "id": 625077,
            "price": "0.93540000",
            "qty": "117.60000000",
            "quoteQty": "110.00304000",
            "time": 1732291721659,
            "isBuyerMaker": false,
            "isBestMatch": true
        },
        {
            "id": 625078,
            "price": "0.93540000",
            "qty": "240.50000000",
            "quoteQty": "224.96370000",
            "time": 1732291721659,
            "isBuyerMaker": false,
            "isBestMatch": true
        },
        {
            "id": 625079,
            "price": "0.93540000",
            "qty": "384.90000000",
            "quoteQty": "360.03546000",
            "time": 1732291721714,
            "isBuyerMaker": false,
            "isBestMatch": true
        },
        {
            "id": 625080,
            "price": "0.93560000",
            "qty": "374.10000000",
            "quoteQty": "350.00796000",
            "time": 1732291724975,
            "isBuyerMaker": false,
            "isBestMatch": true
        },
        {
            "id": 625081,
            "price": "0.93570000",
            "qty": "85.40000000",
            "quoteQty": "79.90878000",
            "time": 1732291724975,
            "isBuyerMaker": false,
            "isBestMatch": true
        },
        {
            "id": 625082,
            "price": "0.93600000",
            "qty": "368.60000000",
            "quoteQty": "345.00960000",
            "time": 1732291728048,
            "isBuyerMaker": false,
            "isBestMatch": true
        },
        {
            "id": 625083,
            "price": "0.93610000",
            "qty": "128.20000000",
            "quoteQty": "120.00802000",
            "time": 1732291728048,
            "isBuyerMaker": false,
            "isBestMatch": true
        },
        {
            "id": 625084,
            "price": "0.93620000",
            "qty": "325.60000000",
            "quoteQty": "304.82672000",
            "time": 1732291729728,
            "isBuyerMaker": false,
            "isBestMatch": true
        },
        {
            "id": 625085,
            "price": "0.93620000",
            "qty": "96.40000000",
            "quoteQty": "90.24968000",
            "time": 1732291729743,
            "isBuyerMaker": false,
            "isBestMatch": true
        },
        {
            "id": 625086,
            "price": "0.93630000",
            "qty": "218.60000000",
            "quoteQty": "204.67518000",
            "time": 1732291729743,
            "isBuyerMaker": false,
            "isBestMatch": true
        },
        {
            "id": 625087,
            "price": "0.93630000",
            "qty": "246.00000000",
            "quoteQty": "230.32980000",
            "time": 1732291729769,
            "isBuyerMaker": false,
            "isBestMatch": true
        },
        {
            "id": 625088,
            "price": "0.93640000",
            "qty": "149.10000000",
            "quoteQty": "139.61724000",
            "time": 1732291729769,
            "isBuyerMaker": false,
            "isBestMatch": true
        },
        {
            "id": 625089,
            "price": "0.93640000",
            "qty": "331.10000000",
            "quoteQty": "310.04204000",
            "time": 1732291729784,
            "isBuyerMaker": false,
            "isBestMatch": true
        },
        {
            "id": 625090,
            "price": "0.93690000",
            "qty": "298.90000000",
            "quoteQty": "280.03941000",
            "time": 1732291732173,
            "isBuyerMaker": false,
            "isBestMatch": true
        },
        {
            "id": 625091,
            "price": "0.93690000",
            "qty": "80.00000000",
            "quoteQty": "74.95200000",
            "time": 1732291732173,
            "isBuyerMaker": false,
            "isBestMatch": true
        },
        {
            "id": 625092,
            "price": "0.93670000",
            "qty": "416.40000000",
            "quoteQty": "390.04188000",
            "time": 1732291735237,
            "isBuyerMaker": false,
            "isBestMatch": true
        },
        {
            "id": 625093,
            "price": "0.93660000",
            "qty": "395.10000000",
            "quoteQty": "370.05066000",
            "time": 1732291738412,
            "isBuyerMaker": false,
            "isBestMatch": true
        },
        {
            "id": 625094,
            "price": "0.93670000",
            "qty": "122.40000000",
            "quoteQty": "114.65208000",
            "time": 1732291738412,
            "isBuyerMaker": false,
            "isBestMatch": true
        },
        {
            "id": 625095,
            "price": "0.93610000",
            "qty": "363.30000000",
            "quoteQty": "340.08513000",
            "time": 1732291741042,
            "isBuyerMaker": false,
            "isBestMatch": true
        },
        {
            "id": 625096,
            "price": "0.93620000",
            "qty": "106.30000000",
            "quoteQty": "99.51806000",
            "time": 1732291741042,
            "isBuyerMaker": false,
            "isBestMatch": true
        },
        {
            "id": 625097,
            "price": "0.93620000",
            "qty": "283.60000000",
            "quoteQty": "265.50632000",
            "time": 1732291741053,
            "isBuyerMaker": false,
            "isBestMatch": true
        },
        {
            "id": 625098,
            "price": "0.93630000",
            "qty": "31.30000000",
            "quoteQty": "29.30619000",
            "time": 1732291741053,
            "isBuyerMaker": false,
            "isBestMatch": true
        },
        {
            "id": 625099,
            "price": "0.93630000",
            "qty": "273.10000000",
            "quoteQty": "255.70353000",
            "time": 1732291741066,
            "isBuyerMaker": false,
            "isBestMatch": true
        },
        {
            "id": 625100,
            "price": "0.93640000",
            "qty": "63.20000000",
            "quoteQty": "59.18048000",
            "time": 1732291741066,
            "isBuyerMaker": false,
            "isBestMatch": true
        },
        {
            "id": 625101,
            "price": "0.93640000",
            "qty": "315.00000000",
            "quoteQty": "294.96600000",
            "time": 1732291741080,
            "isBuyerMaker": false,
            "isBestMatch": true
        },
        {
            "id": 625102,
            "price": "0.93450000",
            "qty": "283.60000000",
            "quoteQty": "265.02420000",
            "time": 1732291752489,
            "isBuyerMaker": false,
            "isBestMatch": true
        },
        {
            "id": 625103,
            "price": "0.93460000",
            "qty": "53.40000000",
            "quoteQty": "49.90764000",
            "time": 1732291752489,
            "isBuyerMaker": false,
            "isBestMatch": true
        },
        {
            "id": 625104,
            "price": "0.93460000",
            "qty": "278.30000000",
            "quoteQty": "260.09918000",
            "time": 1732291752494,
            "isBuyerMaker": false,
            "isBestMatch": true
        },
        {
            "id": 625105,
            "price": "0.93470000",
            "qty": "10.60000000",
            "quoteQty": "9.90782000",
            "time": 1732291752494,
            "isBuyerMaker": false,
            "isBestMatch": true
        },
        {
            "id": 625106,
            "price": "0.93500000",
            "qty": "358.20000000",
            "quoteQty": "334.91700000",
            "time": 1732291754000,
            "isBuyerMaker": false,
            "isBestMatch": true
        },
        {
            "id": 625107,
            "price": "0.93500000",
            "qty": "85.70000000",
            "quoteQty": "80.12950000",
            "time": 1732291754008,
            "isBuyerMaker": false,
            "isBestMatch": true
        },
        {
            "id": 625108,
            "price": "0.93510000",
            "qty": "336.70000000",
            "quoteQty": "314.84817000",
            "time": 1732291754008,
            "isBuyerMaker": false,
            "isBestMatch": true
        },
        {
            "id": 625109,
            "price": "0.93480000",
            "qty": "278.20000000",
            "quoteQty": "260.06136000",
            "time": 1732291758243,
            "isBuyerMaker": false,
            "isBestMatch": true
        },
        {
            "id": 625110,
            "price": "0.93490000",
            "qty": "331.60000000",
            "quoteQty": "310.01284000",
            "time": 1732291759759,
            "isBuyerMaker": false,
            "isBestMatch": true
        },
        {
            "id": 625111,
            "price": "0.93500000",
            "qty": "299.50000000",
            "quoteQty": "280.03250000",
            "time": 1732291761193,
            "isBuyerMaker": false,
            "isBestMatch": true
        },
        {
            "id": 625112,
            "price": "0.93500000",
            "qty": "144.40000000",
            "quoteQty": "135.01400000",
            "time": 1732291761200,
            "isBuyerMaker": false,
            "isBestMatch": true
        },
        {
            "id": 625113,
            "price": "0.93520000",
            "qty": "310.00000000",
            "quoteQty": "289.91200000",
            "time": 1732291763451,
            "isBuyerMaker": false,
            "isBestMatch": true
        },
        {
            "id": 625114,
            "price": "0.93560000",
            "qty": "379.50000000",
            "quoteQty": "355.06020000",
            "time": 1732291767793,
            "isBuyerMaker": false,
            "isBestMatch": true
        },
        {
            "id": 625115,
            "price": "0.93570000",
            "qty": "53.30000000",
            "quoteQty": "49.87281000",
            "time": 1732291767793,
            "isBuyerMaker": false,
            "isBestMatch": true
        },
        {
            "id": 625116,
            "price": "0.93570000",
            "qty": "443.50000000",
            "quoteQty": "414.98295000",
            "time": 1732291767799,
            "isBuyerMaker": false,
            "isBestMatch": true
        },
        {
            "id": 625117,
            "price": "0.93570000",
            "qty": "395.50000000",
            "quoteQty": "370.06935000",
            "time": 1732291771972,
            "isBuyerMaker": false,
            "isBestMatch": true
        },
        {
            "id": 625118,
            "price": "0.93570000",
            "qty": "96.10000000",
            "quoteQty": "89.92077000",
            "time": 1732291771972,
            "isBuyerMaker": false,
            "isBestMatch": true
        },
        {
            "id": 625119,
            "price": "0.93570000",
            "qty": "523.70000000",
            "quoteQty": "490.02609000",
            "time": 1732291771983,
            "isBuyerMaker": false,
            "isBestMatch": true
        },
        {
            "id": 625120,
            "price": "0.93570000",
            "qty": "411.50000000",
            "quoteQty": "385.04055000",
            "time": 1732291774105,
            "isBuyerMaker": false,
            "isBestMatch": true
        },
        {
            "id": 625121,
            "price": "0.93580000",
            "qty": "341.60000000",
            "quoteQty": "319.66928000",
            "time": 1732291778916,
            "isBuyerMaker": false,
            "isBestMatch": true
        },
        {
            "id": 625122,
            "price": "0.93680000",
            "qty": "395.00000000",
            "quoteQty": "370.03600000",
            "time": 1732291782278,
            "isBuyerMaker": false,
            "isBestMatch": true
        },
        {
            "id": 625123,
            "price": "0.93700000",
            "qty": "303.90000000",
            "quoteQty": "284.75430000",
            "time": 1732291784057,
            "isBuyerMaker": false,
            "isBestMatch": true
        },
        {
            "id": 625124,
            "price": "0.93700000",
            "qty": "155.10000000",
            "quoteQty": "145.32870000",
            "time": 1732291784073,
            "isBuyerMaker": false,
            "isBestMatch": true
        },
        {
            "id": 625125,
            "price": "0.93710000",
            "qty": "277.50000000",
            "quoteQty": "260.04525000",
            "time": 1732291784073,
            "isBuyerMaker": false,
            "isBestMatch": true
        },
        {
            "id": 625126,
            "price": "0.93720000",
            "qty": "25.90000000",
            "quoteQty": "24.27348000",
            "time": 1732291784073,
            "isBuyerMaker": false,
            "isBestMatch": true
        },
        {
            "id": 625127,
            "price": "0.93810000",
            "qty": "447.70000000",
            "quoteQty": "419.98737000",
            "time": 1732291785850,
            "isBuyerMaker": false,
            "isBestMatch": true
        },
        {
            "id": 625128,
            "price": "0.93780000",
            "qty": "288.00000000",
            "quoteQty": "270.08640000",
            "time": 1732291794645,
            "isBuyerMaker": false,
            "isBestMatch": true
        },
        {
            "id": 625129,
            "price": "0.93790000",
            "qty": "389.20000000",
            "quoteQty": "365.03068000",
            "time": 1732291796077,
            "isBuyerMaker": false,
            "isBestMatch": true
        },
        {
            "id": 625130,
            "price": "0.93800000",
            "qty": "426.50000000",
            "quoteQty": "400.05700000",
            "time": 1732291797482,
            "isBuyerMaker": false,
            "isBestMatch": true
        },
        {
            "id": 625131,
            "price": "0.93800000",
            "qty": "16.00000000",
            "quoteQty": "15.00800000",
            "time": 1732291797482,
            "isBuyerMaker": false,
            "isBestMatch": true
        },
        {
            "id": 625132,
            "price": "0.93810000",
            "qty": "351.80000000",
            "quoteQty": "330.02358000",
            "time": 1732291798847,
            "isBuyerMaker": false,
            "isBestMatch": true
        },
        {
            "id": 625133,
            "price": "0.93830000",
            "qty": "330.40000000",
            "quoteQty": "310.01432000",
            "time": 1732291800395,
            "isBuyerMaker": false,
            "isBestMatch": true
        },
        {
            "id": 625134,
            "price": "0.93850000",
            "qty": "372.80000000",
            "quoteQty": "349.87280000",
            "time": 1732291802526,
            "isBuyerMaker": false,
            "isBestMatch": true
        },
        {
            "id": 625135,
            "price": "0.93910000",
            "qty": "271.60000000",
            "quoteQty": "255.05956000",
            "time": 1732291804456,
            "isBuyerMaker": false,
            "isBestMatch": true
        },
        {
            "id": 625136,
            "price": "0.93910000",
            "qty": "255.60000000",
            "quoteQty": "240.03396000",
            "time": 1732291804468,
            "isBuyerMaker": false,
            "isBestMatch": true
        },
        {
            "id": 625137,
            "price": "0.93910000",
            "qty": "191.70000000",
            "quoteQty": "180.02547000",
            "time": 1732291804468,
            "isBuyerMaker": false,
            "isBestMatch": true
        },
        {
            "id": 625138,
            "price": "0.93870000",
            "qty": "287.70000000",
            "quoteQty": "270.06399000",
            "time": 1732291813024,
            "isBuyerMaker": false,
            "isBestMatch": true
        },
        {
            "id": 625139,
            "price": "0.93870000",
            "qty": "10.40000000",
            "quoteQty": "9.76248000",
            "time": 1732291813024,
            "isBuyerMaker": false,
            "isBestMatch": true
        },
        {
            "id": 625140,
            "price": "0.93870000",
            "qty": "358.30000000",
            "quoteQty": "336.33621000",
            "time": 1732291813033,
            "isBuyerMaker": false,
            "isBestMatch": true
        },
        {
            "id": 625141,
            "price": "0.93880000",
            "qty": "30.30000000",
            "quoteQty": "28.44564000",
            "time": 1732291813033,
            "isBuyerMaker": false,
            "isBestMatch": true
        },
        {
            "id": 625142,
            "price": "0.93880000",
            "qty": "470.40000000",
            "quoteQty": "441.61152000",
            "time": 1732291813045,
            "isBuyerMaker": false,
            "isBestMatch": true
        },
        {
            "id": 625143,
            "price": "0.93890000",
            "qty": "46.00000000",
            "quoteQty": "43.18940000",
            "time": 1732291813045,
            "isBuyerMaker": false,
            "isBestMatch": true
        },
        {
            "id": 625144,
            "price": "0.93940000",
            "qty": "303.40000000",
            "quoteQty": "285.01396000",
            "time": 1732291817137,
            "isBuyerMaker": false,
            "isBestMatch": true
        },
        {
            "id": 625145,
            "price": "0.93950000",
            "qty": "212.90000000",
            "quoteQty": "200.01955000",
            "time": 1732291817137,
            "isBuyerMaker": false,
            "isBestMatch": true
        },
        {
            "id": 625146,
            "price": "0.93610000",
            "qty": "341.70000000",
            "quoteQty": "319.86537000",
            "time": 1732291833290,
            "isBuyerMaker": false,
            "isBestMatch": true
        },
        {
            "id": 625147,
            "price": "0.93610000",
            "qty": "42.90000000",
            "quoteQty": "40.15869000",
            "time": 1732291833303,
            "isBuyerMaker": false,
            "isBestMatch": true
        },
        {
            "id": 625148,
            "price": "0.93630000",
            "qty": "330.90000000",
            "quoteQty": "309.82167000",
            "time": 1732291833303,
            "isBuyerMaker": false,
            "isBestMatch": true
        },
        {
            "id": 625149,
            "price": "0.93610000",
            "qty": "523.20000000",
            "quoteQty": "489.76752000",
            "time": 1732291841565,
            "isBuyerMaker": false,
            "isBestMatch": true
        },
        {
            "id": 625150,
            "price": "0.93610000",
            "qty": "11.00000000",
            "quoteQty": "10.29710000",
            "time": 1732291841578,
            "isBuyerMaker": false,
            "isBestMatch": true
        },
        {
            "id": 625151,
            "price": "0.93620000",
            "qty": "314.70000000",
            "quoteQty": "294.62214000",
            "time": 1732291841578,
            "isBuyerMaker": false,
            "isBestMatch": true
        },
        {
            "id": 625152,
            "price": "0.93620000",
            "qty": "75.20000000",
            "quoteQty": "70.40224000",
            "time": 1732291841599,
            "isBuyerMaker": false,
            "isBestMatch": true
        },
        {
            "id": 625153,
            "price": "0.93630000",
            "qty": "271.90000000",
            "quoteQty": "254.57997000",
            "time": 1732291841599,
            "isBuyerMaker": false,
            "isBestMatch": true
        },
        {
            "id": 625154,
            "price": "0.93630000",
            "qty": "219.40000000",
            "quoteQty": "205.42422000",
            "time": 1732291841617,
            "isBuyerMaker": false,
            "isBestMatch": true
        },
        {
            "id": 625155,
            "price": "0.93670000",
            "qty": "320.30000000",
            "quoteQty": "300.02501000",
            "time": 1732291843793,
            "isBuyerMaker": false,
            "isBestMatch": true
        },
        {
            "id": 625156,
            "price": "0.93680000",
            "qty": "277.60000000",
            "quoteQty": "260.05568000",
            "time": 1732291845878,
            "isBuyerMaker": false,
            "isBestMatch": true
        },
        {
            "id": 625157,
            "price": "0.93690000",
            "qty": "245.30000000",
            "quoteQty": "229.82157000",
