{
    "data": [
        {
            "id": 1102516,
            "price": "623.00000000",
            "qty": "0.46600000",
            "quoteQty": "290.31800000",
            "time": 1732291742406,
            "isBuyerMaker": true,
            "isBestMatch": true
        },
        {
            "id": 1102517,
            "price": "623.00000000",
            "qty": "0.53900000",
            "quoteQty": "335.79700000",
            "time": 1732291742422,
            "isBuyerMaker": true,
            "isBestMatch": true
        },
        {
            "id": 1102518,
            "price": "623.00000000",
            "qty": "0.68300000",
            "quoteQty": "425.50900000",
            "time": 1732291744075,
            "isBuyerMaker": true,
            "isBestMatch": true
        },
        {
            "id": 1102519,
            "price": "623.00000000",
            "qty": "0.66700000",
            "quoteQty": "415.54100000",
            "time": 1732291744099,
            "isBuyerMaker": true,
            "isBestMatch": true
        },
        {
            "id": 1102520,
            "price": "623.00000000",
            "qty": "0.40200000",
            "quoteQty": "250.44600000",
            "time": 1732291744114,
            "isBuyerMaker": true,
            "isBestMatch": true
        },
        {
            "id": 1102521,
            "price": "623.00000000",
            "qty": "0.54700000",
            "quoteQty": "340.78100000",
            "time": 1732291746023,
            "isBuyerMaker": true,
            "isBestMatch": true
        },
        {
            "id": 1102522,
            "price": "623.00000000",
            "qty": "0.52200000",
            "quoteQty": "325.20600000",
            "time": 1732291746036,
            "isBuyerMaker": true,
            "isBestMatch": true
        },
        {
            "id": 1102523,
            "price": "623.00000000",
            "qty": "0.51500000",
            "quoteQty": "320.84500000",
            "time": 1732291747656,
            "isBuyerMaker": true,
            "isBestMatch": true
        },
        {
            "id": 1102524,
            "price": "623.00000000",
            "qty": "0.65100000",
            "quoteQty": "405.57300000",
            "time": 1732291747683,
            "isBuyerMaker": true,
            "isBestMatch": true
        },
        {
            "id": 1102525,
            "price": "623.00000000",
            "qty": "0.70700000",
            "quoteQty": "440.46100000",
            "time": 1732291747699,
            "isBuyerMaker": true,
            "isBestMatch": true
        },
        {
            "id": 1102526,
            "price": "623.00000000",
            "qty": "0.45800000",
            "quoteQty": "285.33400000",
            "time": 1732291749900,
            "isBuyerMaker": true,
            "isBestMatch": true
        },
        {
            "id": 1102527,
            "price": "623.00000000",
            "qty": "0.71500000",
            "quoteQty": "445.44500000",
            "time": 1732291749914,
            "isBuyerMaker": true,
            "isBestMatch": true
        },
        {
            "id": 1102528,
            "price": "623.00000000",
            "qty": "0.75500000",
            "quoteQty": "470.36500000",
            "time": 1732291749926,
            "isBuyerMaker": true,
            "isBestMatch": true
        },
        {
            "id": 1102529,
            "price": "623.00000000",
            "qty": "0.53100000",
            "quoteQty": "330.81300000",
            "time": 1732291749944,
            "isBuyerMaker": true,
            "isBestMatch": true
        },
        {
            "id": 1102530,
            "price": "623.00000000",
            "qty": "0.45800000",
            "quoteQty": "285.33400000",
            "time": 1732291749961,
            "isBuyerMaker": true,
            "isBestMatch": true
        },
        {
            "id": 1102531,
            "price": "623.00000000",
            "qty": "0.49000000",
            "quoteQty": "305.27000000",
            "time": 1732291749975,
            "isBuyerMaker": true,
            "isBestMatch": true
        },
        {
            "id": 1102532,
            "price": "623.00000000",
            "qty": "0.69100000",
            "quoteQty": "430.49300000",
            "time": 1732291749994,
            "isBuyerMaker": true,
            "isBestMatch": true
        },
        {
            "id": 1102533,
            "price": "623.00000000",
            "qty": "0.67500000",
            "quoteQty": "420.52500000",
            "time": 1732291750010,
            "isBuyerMaker": true,
            "isBestMatch": true
        },
        {
            "id": 1102534,
            "price": "623.00000000",
            "qty": "0.66700000",
            "quoteQty": "415.54100000",
            "time": 1732291752115,
            "isBuyerMaker": true,
            "isBestMatch": true
        },
        {
            "id": 1102535,
            "price": "623.00000000",
            "qty": "0.67500000",
            "quoteQty": "420.52500000",
            "time": 1732291753678,
            "isBuyerMaker": true,
            "isBestMatch": true
        },
        {
            "id": 1102536,
            "price": "623.00000000",
            "qty": "0.78700000",
            "quoteQty": "490.30100000",
            "time": 1732291753693,
            "isBuyerMaker": true,
            "isBestMatch": true
        },
        {
            "id": 1102537,
            "price": "623.00000000",
            "qty": "0.66700000",
            "quoteQty": "415.54100000",
            "time": 1732291755041,
            "isBuyerMaker": true,
            "isBestMatch": true
        },
        {
            "id": 1102538,
            "price": "623.00000000",
            "qty": "0.69100000",
            "quoteQty": "430.49300000",
            "time": 1732291755062,
            "isBuyerMaker": true,
            "isBestMatch": true
        },
        {
            "id": 1102539,
            "price": "623.00000000",
            "qty": "0.45800000",
            "quoteQty": "285.33400000",
            "time": 1732291756519,
            "isBuyerMaker": true,
            "isBestMatch": true
        },
        {
            "id": 1102540,
            "price": "623.00000000",
            "qty": "0.66700000",
            "quoteQty": "415.54100000",
            "time": 1732291756531,
            "isBuyerMaker": true,
            "isBestMatch": true
        },
        {
            "id": 1102541,
            "price": "623.00000000",
            "qty": "0.63500000",
            "quoteQty": "395.60500000",
            "time": 1732291757880,
            "isBuyerMaker": true,
            "isBestMatch": true
        },
        {
            "id": 1102542,
            "price": "623.00000000",
            "qty": "0.80300000",
            "quoteQty": "500.26900000",
            "time": 1732291757887,
            "isBuyerMaker": true,
            "isBestMatch": true
        },
        {
            "id": 1102543,
            "price": "623.00000000",
            "qty": "0.64300000",
            "quoteQty": "400.58900000",
            "time": 1732291757897,
            "isBuyerMaker": true,
            "isBestMatch": true
        },
        {
            "id": 1102544,
            "price": "623.00000000",
            "qty": "0.64300000",
            "quoteQty": "400.58900000",
            "time": 1732291759371,
            "isBuyerMaker": true,
            "isBestMatch": true
        },
        {
            "id": 1102545,
            "price": "623.00000000",
            "qty": "0.40200000",
            "quoteQty": "250.44600000",
            "time": 1732291759388,
            "isBuyerMaker": true,
            "isBestMatch": true
        },
        {
            "id": 1102546,
            "price": "623.00000000",
            "qty": "0.41000000",
            "quoteQty": "255.43000000",
            "time": 1732291759397,
            "isBuyerMaker": true,
            "isBestMatch": true
        },
        {
            "id": 1102547,
            "price": "623.00000000",
            "qty": "0.79500000",
            "quoteQty": "495.28500000",
            "time": 1732291760792,
            "isBuyerMaker": true,
            "isBestMatch": true
        },
        {
            "id": 1102548,
            "price": "623.00000000",
            "qty": "0.42600000",
            "quoteQty": "265.39800000",
            "time": 1732291762789,
            "isBuyerMaker": true,
            "isBestMatch": true
        },
        {
            "id": 1102549,
            "price": "623.00000000",
            "qty": "0.63500000",
            "quoteQty": "395.60500000",
            "time": 1732291762802,
            "isBuyerMaker": true,
            "isBestMatch": true
        },
        {
            "id": 1102550,
            "price": "623.00000000",
            "qty": "0.41000000",
            "quoteQty": "255.43000000",
            "time": 1732291765374,
            "isBuyerMaker": true,
            "isBestMatch": true
        },
        {
            "id": 1102551,
            "price": "623.00000000",
            "qty": "0.69900000",
            "quoteQty": "435.47700000",
            "time": 1732291767448,
            "isBuyerMaker": true,
            "isBestMatch": true
        },
        {
            "id": 1102552,
            "price": "623.00000000",
            "qty": "0.63500000",
            "quoteQty": "395.60500000",
            "time": 1732291769265,
            "isBuyerMaker": true,
            "isBestMatch": true
        },
        {
            "id": 1102553,
            "price": "623.00000000",
            "qty": "0.44200000",
            "quoteQty": "275.36600000",
            "time": 1732291773788,
            "isBuyerMaker": true,
            "isBestMatch": true
        },
        {
            "id": 1102554,
            "price": "623.00000000",
            "qty": "0.58600000",
            "quoteQty": "365.07800000",
            "time": 1732291773795,
            "isBuyerMaker": true,
            "isBestMatch": true
        },
        {
            "id": 1102555,
            "price": "623.00000000",
            "qty": "0.77100000",
            "quoteQty": "480.33300000",
            "time": 1732291775150,
            "isBuyerMaker": true,
            "isBestMatch": true
        },
        {
            "id": 1102556,
            "price": "623.00000000",
            "qty": "0.73100000",
            "quoteQty": "455.41300000",
            "time": 1732291778371,
            "isBuyerMaker": true,
            "isBestMatch": true
        },
        {
            "id": 1102557,
            "price": "623.00000000",
            "qty": "0.41000000",
            "quoteQty": "255.43000000",
            "time": 1732291780420,
            "isBuyerMaker": true,
            "isBestMatch": true
        },
        {
            "id": 1102558,
            "price": "623.00000000",
            "qty": "0.69900000",
            "quoteQty": "435.47700000",
            "time": 1732291780425,
            "isBuyerMaker": true,
            "isBestMatch": true
        },
        {
            "id": 1102559,
            "price": "623.00000000",
            "qty": "0.45000000",
            "quoteQty": "280.35000000",
            "time": 1732291780438,
            "isBuyerMaker": true,
            "isBestMatch": true
        },
        {
            "id": 1102560,
            "price": "623.00000000",
            "qty": "0.77100000",
            "quoteQty": "480.33300000",
            "time": 1732291783702,
            "isBuyerMaker": true,
            "isBestMatch": true
        },
        {
            "id": 1102561,
            "price": "623.00000000",
            "qty": "0.62700000",
            "quoteQty": "390.62100000",
            "time": 1732291783708,
            "isBuyerMaker": true,
            "isBestMatch": true
        },
        {
            "id": 1102562,
            "price": "623.00000000",
            "qty": "0.52200000",
            "quoteQty": "325.20600000",
            "time": 1732291785414,
            "isBuyerMaker": true,
            "isBestMatch": true
        },
        {
            "id": 1102563,
            "price": "623.00000000",
            "qty": "0.73900000",
            "quoteQty": "460.39700000",
            "time": 1732291785424,
            "isBuyerMaker": true,
            "isBestMatch": true
        },
        {
            "id": 1102564,
            "price": "623.04000000",
            "qty": "0.03200000",
            "quoteQty": "19.93728000",
            "time": 1732291785524,
            "isBuyerMaker": false,
            "isBestMatch": true
        },
        {
            "id": 1102565,
            "price": "623.00000000",
            "qty": "0.64300000",
            "quoteQty": "400.58900000",
            "time": 1732291788758,
            "isBuyerMaker": true,
            "isBestMatch": true
        },
        {
            "id": 1102566,
            "price": "623.01000000",
            "qty": "0.57000000",
            "quoteQty": "355.11570000",
            "time": 1732291791393,
            "isBuyerMaker": false,
            "isBestMatch": true
        },
        {
            "id": 1102567,
            "price": "623.02000000",
            "qty": "0.03200000",
            "quoteQty": "19.93664000",
            "time": 1732291791393,
            "isBuyerMaker": false,
            "isBestMatch": true
        },
        {
            "id": 1102568,
            "price": "623.02000000",
            "qty": "0.40200000",
            "quoteQty": "250.45404000",
            "time": 1732291791411,
            "isBuyerMaker": false,
            "isBestMatch": true
        },
        {
            "id": 1102569,
            "price": "623.04000000",
            "qty": "0.57800000",
            "quoteQty": "360.11712000",
            "time": 1732291794195,
            "isBuyerMaker": false,
            "isBestMatch": true
        },
        {
            "id": 1102570,
            "price": "623.05000000",
            "qty": "0.09700000",
            "quoteQty": "60.43585000",
            "time": 1732291794195,
            "isBuyerMaker": false,
            "isBestMatch": true
        },
        {
            "id": 1102571,
            "price": "623.09000000",
            "qty": "0.53000000",
            "quoteQty": "330.23770000",
            "time": 1732291795786,
            "isBuyerMaker": false,
            "isBestMatch": true
        },
        {
            "id": 1102572,
            "price": "623.10000000",
            "qty": "0.53800000",
            "quoteQty": "335.22780000",
            "time": 1732291798409,
            "isBuyerMaker": false,
            "isBestMatch": true
        },
        {
            "id": 1102573,
            "price": "623.13000000",
            "qty": "0.50600000",
            "quoteQty": "315.30378000",
            "time": 1732291799937,
            "isBuyerMaker": false,
            "isBestMatch": true
        },
        {
            "id": 1102574,
            "price": "623.14000000",
            "qty": "0.51400000",
            "quoteQty": "320.29396000",
            "time": 1732291802014,
            "isBuyerMaker": false,
            "isBestMatch": true
        },
        {
            "id": 1102575,
            "price": "623.17000000",
            "qty": "0.45800000",
            "quoteQty": "285.41186000",
            "time": 1732291803809,
            "isBuyerMaker": false,
            "isBestMatch": true
        },
        {
            "id": 1102576,
            "price": "623.18000000",
            "qty": "0.00800000",
            "quoteQty": "4.98544000",
            "time": 1732291803809,
            "isBuyerMaker": false,
            "isBestMatch": true
        },
        {
            "id": 1102577,
            "price": "623.18000000",
            "qty": "0.67400000",
            "quoteQty": "420.02332000",
            "time": 1732291803828,
            "isBuyerMaker": false,
            "isBestMatch": true
        },
        {
            "id": 1102578,
            "price": "623.20000000",
            "qty": "0.63400000",
            "quoteQty": "395.10880000",
            "time": 1732291807197,
            "isBuyerMaker": false,
            "isBestMatch": true
        },
        {
            "id": 1102579,
            "price": "623.36000000",
            "qty": "0.55400000",
            "quoteQty": "345.34144000",
            "time": 1732291810522,
            "isBuyerMaker": true,
            "isBestMatch": true
        },
        {
            "id": 1102580,
            "price": "623.37000000",
            "qty": "0.60200000",
            "quoteQty": "375.26874000",
            "time": 1732291812381,
            "isBuyerMaker": false,
            "isBestMatch": true
        },
        {
            "id": 1102581,
            "price": "623.35000000",
            "qty": "0.71400000",
            "quoteQty": "445.07190000",
            "time": 1732291814526,
            "isBuyerMaker": true,
            "isBestMatch": true
        },
        {
            "id": 1102582,
            "price": "623.37000000",
            "qty": "0.33900000",
            "quoteQty": "211.32243000",
            "time": 1732291815529,
            "isBuyerMaker": false,
            "isBestMatch": true
        },
        {
            "id": 1102583,
            "price": "623.26000000",
            "qty": "0.06600000",
            "quoteQty": "41.13516000",
            "time": 1732291817523,
            "isBuyerMaker": false,
            "isBestMatch": true
        },
        {
            "id": 1102584,
            "price": "623.26000000",
            "qty": "0.61000000",
            "quoteQty": "380.18860000",
            "time": 1732291818557,
            "isBuyerMaker": false,
            "isBestMatch": true
        },
        {
            "id": 1102585,
            "price": "623.26000000",
            "qty": "0.03000000",
            "quoteQty": "18.69780000",
            "time": 1732291818564,
            "isBuyerMaker": false,
            "isBestMatch": true
        },
        {
            "id": 1102586,
            "price": "623.40000000",
            "qty": "0.16400000",
            "quoteQty": "102.23760000",
            "time": 1732291819527,
            "isBuyerMaker": false,
            "isBestMatch": true
        },
        {
            "id": 1102587,
            "price": "623.36000000",
            "qty": "0.37200000",
            "quoteQty": "231.88992000",
            "time": 1732291820526,
            "isBuyerMaker": true,
            "isBestMatch": true
        },
        {
            "id": 1102588,
            "price": "623.32000000",
            "qty": "0.06200000",
            "quoteQty": "38.64584000",
            "time": 1732291821525,
            "isBuyerMaker": true,
            "isBestMatch": true
        },
        {
            "id": 1102589,
            "price": "623.25000000",
            "qty": "0.41000000",
            "quoteQty": "255.53250000",
            "time": 1732291825593,
            "isBuyerMaker": false,
            "isBestMatch": true
        },
        {
            "id": 1102590,
            "price": "623.25000000",
            "qty": "0.20000000",
            "quoteQty": "124.65000000",
            "time": 1732291825605,
            "isBuyerMaker": false,
            "isBestMatch": true
        },
        {
            "id": 1102591,
            "price": "623.26000000",
            "qty": "0.29800000",
            "quoteQty": "185.73148000",
            "time": 1732291825605,
            "isBuyerMaker": false,
            "isBestMatch": true
        },
        {
            "id": 1102592,
            "price": "623.35000000",
            "qty": "0.14000000",
            "quoteQty": "87.26900000",
            "time": 1732291827526,
            "isBuyerMaker": false,
            "isBestMatch": true
        },
        {
            "id": 1102593,
            "price": "623.35000000",
            "qty": "0.42200000",
            "quoteQty": "263.05370000",
            "time": 1732291827750,
            "isBuyerMaker": false,
            "isBestMatch": true
        },
        {
            "id": 1102594,
            "price": "623.36000000",
            "qty": "0.30800000",
            "quoteQty": "191.99488000",
            "time": 1732291827750,
            "isBuyerMaker": false,
            "isBestMatch": true
        },
        {
            "id": 1102595,
            "price": "623.36000000",
            "qty": "0.41400000",
            "quoteQty": "258.07104000",
            "time": 1732291827759,
            "isBuyerMaker": false,
            "isBestMatch": true
        },
        {
            "id": 1102596,
            "price": "623.40000000",
            "qty": "0.31000000",
            "quoteQty": "193.25400000",
            "time": 1732291828524,
            "isBuyerMaker": false,
            "isBestMatch": true
        },
        {
            "id": 1102597,
            "price": "623.41000000",
            "qty": "0.04600000",
            "quoteQty": "28.67686000",
            "time": 1732291829528,
            "isBuyerMaker": false,
            "isBestMatch": true
        },
        {
            "id": 1102598,
            "price": "623.41000000",
            "qty": "0.63400000",
            "quoteQty": "395.24194000",
            "time": 1732291831329,
            "isBuyerMaker": false,
            "isBestMatch": true
        },
        {
            "id": 1102599,
            "price": "623.42000000",
            "qty": "0.44200000",
            "quoteQty": "275.55164000",
            "time": 1732291832855,
            "isBuyerMaker": false,
            "isBestMatch": true
        },
        {
            "id": 1102600,
            "price": "623.29000000",
            "qty": "0.61700000",
            "quoteQty": "384.56993000",
            "time": 1732291837524,
            "isBuyerMaker": false,
            "isBestMatch": true
        },
        {
            "id": 1102601,
            "price": "623.29000000",
            "qty": "0.14600000",
            "quoteQty": "91.00034000",
            "time": 1732291838461,
            "isBuyerMaker": false,
            "isBestMatch": true
        },
        {
            "id": 1102602,
            "price": "623.30000000",
            "qty": "0.52800000",
            "quoteQty": "329.10240000",
            "time": 1732291838461,
            "isBuyerMaker": false,
            "isBestMatch": true
        },
        {
            "id": 1102603,
            "price": "623.30000000",
            "qty": "0.04200000",
            "quoteQty": "26.17860000",
            "time": 1732291838471,
            "isBuyerMaker": false,
            "isBestMatch": true
        },
        {
            "id": 1102604,
            "price": "623.31000000",
            "qty": "0.41000000",
            "quoteQty": "255.55710000",
            "time": 1732291838471,
            "isBuyerMaker": false,
            "isBestMatch": true
        },
        {
            "id": 1102605,
            "price": "623.32000000",
            "qty": "0.68200000",
            "quoteQty": "425.10424000",
            "time": 1732291844139,
            "isBuyerMaker": true,
            "isBestMatch": true
        },
        {
            "id": 1102606,
            "price": "623.32000000",
            "qty": "1.11800000",
            "quoteQty": "696.87176000",
            "time": 1732291844139,
            "isBuyerMaker": true,
            "isBestMatch": true
        },
        {
            "id": 1102607,
            "price": "623.32000000",
            "qty": "0.79500000",
            "quoteQty": "495.53940000",
            "time": 1732291845523,
            "isBuyerMaker": true,
            "isBestMatch": true
        },
        {
            "id": 1102608,
            "price": "623.32000000",
            "qty": "0.71500000",
            "quoteQty": "445.67380000",
            "time": 1732291845532,
            "isBuyerMaker": true,
            "isBestMatch": true
        },
        {
            "id": 1102609,
            "price": "623.32000000",
            "qty": "0.41000000",
            "quoteQty": "255.56120000",
            "time": 1732291845541,
            "isBuyerMaker": true,
            "isBestMatch": true
        },
        {
            "id": 1102610,
            "price": "623.32000000",
            "qty": "0.55400000",
            "quoteQty": "345.31928000",
            "time": 1732291845557,
            "isBuyerMaker": true,
            "isBestMatch": true
        },
        {
            "id": 1102611,
            "price": "623.34000000",
            "qty": "0.12900000",
            "quoteQty": "80.41086000",
            "time": 1732291846525,
            "isBuyerMaker": false,
            "isBestMatch": true
        },
        {
            "id": 1102612,
            "price": "623.32000000",
            "qty": "0.50600000",
            "quoteQty": "315.39992000",
            "time": 1732291847058,
            "isBuyerMaker": true,
            "isBestMatch": true
        },
        {
            "id": 1102613,
            "price": "623.32000000",
            "qty": "0.49800000",
            "quoteQty": "310.41336000",
            "time": 1732291847073,
            "isBuyerMaker": true,
            "isBestMatch": true
        },
        {
            "id": 1102614,
            "price": "623.32000000",
            "qty": "0.60200000",
            "quoteQty": "375.23864000",
            "time": 1732291847092,
            "isBuyerMaker": true,
            "isBestMatch": true
        },
        {
            "id": 1102615,
            "price": "623.34000000",
            "qty": "0.03000000",
            "quoteQty": "18.70020000",
            "time": 1732291847531,
            "isBuyerMaker": false,
            "isBestMatch": true
        },
        {
            "id": 1102616,
            "price": "623.34000000",
            "qty": "0.28200000",
            "quoteQty": "175.78188000",
            "time": 1732291848524,
            "isBuyerMaker": false,
            "isBestMatch": true
        },
        {
            "id": 1102617,
            "price": "623.32000000",
            "qty": "0.65800000",
            "quoteQty": "410.14456000",
            "time": 1732291849121,
            "isBuyerMaker": true,
            "isBestMatch": true
        },
        {
            "id": 1102618,
            "price": "623.32000000",
            "qty": "0.54600000",
            "quoteQty": "340.33272000",
            "time": 1732291849135,
            "isBuyerMaker": true,
            "isBestMatch": true
        },
        {
            "id": 1102619,
            "price": "623.32000000",
            "qty": "0.77900000",
            "quoteQty": "485.56628000",
            "time": 1732291850959,
            "isBuyerMaker": true,
            "isBestMatch": true
        },
        {
            "id": 1102620,
            "price": "623.32000000",
            "qty": "0.80300000",
            "quoteQty": "500.52596000",
            "time": 1732291853323,
            "isBuyerMaker": true,
            "isBestMatch": true
        },
        {
            "id": 1102621,
            "price": "623.32000000",
            "qty": "0.54600000",
            "quoteQty": "340.33272000",
            "time": 1732291853331,
            "isBuyerMaker": true,
            "isBestMatch": true
        },
        {
            "id": 1102622,
            "price": "623.32000000",
            "qty": "0.57800000",
            "quoteQty": "360.27896000",
            "time": 1732291858428,
            "isBuyerMaker": true,
            "isBestMatch": true
        },
        {
            "id": 1102623,
            "price": "623.26000000",
            "qty": "0.65000000",
            "quoteQty": "405.11900000",
            "time": 1732291861737,
            "isBuyerMaker": false,
            "isBestMatch": true
        },
        {
            "id": 1102624,
            "price": "623.24000000",
            "qty": "0.48200000",
            "quoteQty": "300.40168000",
            "time": 1732291864814,
            "isBuyerMaker": false,
            "isBestMatch": true
        },
        {
            "id": 1102625,
            "price": "623.24000000",
            "qty": "0.02400000",
            "quoteQty": "14.95776000",
            "time": 1732291864828,
            "isBuyerMaker": false,
            "isBestMatch": true
        },
        {
            "id": 1102626,
            "price": "623.27000000",
            "qty": "0.52200000",
            "quoteQty": "325.34694000",
            "time": 1732291866296,
            "isBuyerMaker": false,
            "isBestMatch": true
        },
        {
            "id": 1102627,
            "price": "623.28000000",
            "qty": "0.03200000",
            "quoteQty": "19.94496000",
            "time": 1732291866296,
            "isBuyerMaker": false,
            "isBestMatch": true
        },
        {
            "id": 1102628,
            "price": "623.33000000",
            "qty": "0.34600000",
            "quoteQty": "215.67218000",
            "time": 1732291874531,
            "isBuyerMaker": false,
            "isBestMatch": true
        },
        {
            "id": 1102629,
            "price": "623.31000000",
            "qty": "0.49800000",
            "quoteQty": "310.40838000",
            "time": 1732291877528,
            "isBuyerMaker": false,
            "isBestMatch": true
        },
        {
            "id": 1102630,
            "price": "623.21000000",
            "qty": "0.23200000",
            "quoteQty": "144.58472000",
            "time": 1732291878524,
            "isBuyerMaker": false,
            "isBestMatch": true
        },
        {
            "id": 1102631,
            "price": "623.21000000",
            "qty": "0.20200000",
            "quoteQty": "125.88842000",
            "time": 1732291879533,
            "isBuyerMaker": false,
            "isBestMatch": true
        },
        {
            "id": 1102632,
            "price": "623.32000000",
            "qty": "0.53800000",
            "quoteQty": "335.34616000",
            "time": 1732291880527,
            "isBuyerMaker": false,
            "isBestMatch": true
        },
        {
            "id": 1102633,
            "price": "623.16000000",
            "qty": "0.41800000",
            "quoteQty": "260.48088000",
            "time": 1732291880605,
            "isBuyerMaker": true,
            "isBestMatch": true
        },
        {
            "id": 1102634,
            "price": "623.16000000",
            "qty": "0.45800000",
            "quoteQty": "285.40728000",
            "time": 1732291880632,
            "isBuyerMaker": true,
            "isBestMatch": true
        },
        {
            "id": 1102635,
            "price": "623.16000000",
            "qty": "0.48200000",
            "quoteQty": "300.36312000",
            "time": 1732291880650,
            "isBuyerMaker": true,
            "isBestMatch": true
        },
        {
            "id": 1102636,
            "price": "623.33000000",
            "qty": "0.12000000",
            "quoteQty": "74.79960000",
            "time": 1732291881528,
            "isBuyerMaker": false,
            "isBestMatch": true
        },
        {
            "id": 1102637,
            "price": "623.17000000",
            "qty": "0.48200000",
            "quoteQty": "300.36794000",
            "time": 1732291882527,
            "isBuyerMaker": false,
            "isBestMatch": true
        },
        {
            "id": 1102638,
            "price": "623.17000000",
            "qty": "0.06400000",
            "quoteQty": "39.88288000",
            "time": 1732291883526,
            "isBuyerMaker": false,
            "isBestMatch": true
        },
        {
            "id": 1102639,
            "price": "623.16000000",
            "qty": "0.40200000",
            "quoteQty": "250.51032000",
            "time": 1732291883997,
            "isBuyerMaker": true,
            "isBestMatch": true
        },
        {
            "id": 1102640,
            "price": "623.29000000",
            "qty": "0.67400000",
            "quoteQty": "420.09746000",
            "time": 1732291884524,
            "isBuyerMaker": false,
            "isBestMatch": true
        },
        {
            "id": 1102641,
            "price": "623.16000000",
            "qty": "0.76300000",
            "quoteQty": "475.47108000",
            "time": 1732291885190,
            "isBuyerMaker": true,
            "isBestMatch": true
        },
        {
            "id": 1102642,
            "price": "623.34000000",
            "qty": "0.03200000",
            "quoteQty": "19.94688000",
            "time": 1732291885525,
            "isBuyerMaker": false,
            "isBestMatch": true
        },
        {
            "id": 1102643,
            "price": "623.34000000",
            "qty": "0.44100000",
            "quoteQty": "274.89294000",
            "time": 1732291886533,
            "isBuyerMaker": false,
            "isBestMatch": true
        },
        {
            "id": 1102644,
            "price": "623.34000000",
            "qty": "0.25700000",
            "quoteQty": "160.19838000",
            "time": 1732291887527,
            "isBuyerMaker": false,
            "isBestMatch": true
        },
        {
            "id": 1102645,
            "price": "623.35000000",
            "qty": "0.44200000",
            "quoteQty": "275.52070000",
            "time": 1732291888526,
            "isBuyerMaker": false,
            "isBestMatch": true
        },
        {
            "id": 1102646,
            "price": "623.20000000",
            "qty": "0.04700000",
            "quoteQty": "29.29040000",
            "time": 1732291889525,
            "isBuyerMaker": false,
            "isBestMatch": true
        },
        {
            "id": 1102647,
            "price": "623.20000000",
            "qty": "0.45100000",
            "quoteQty": "281.06320000",
            "time": 1732291890526,
            "isBuyerMaker": false,
            "isBestMatch": true
        },
        {
            "id": 1102648,
            "price": "623.22000000",
            "qty": "0.24700000",
            "quoteQty": "153.93534000",
            "time": 1732291891531,
            "isBuyerMaker": false,
            "isBestMatch": true
        },
        {
            "id": 1102649,
            "price": "623.16000000",
            "qty": "0.57000000",
            "quoteQty": "355.20120000",
            "time": 1732291892151,
            "isBuyerMaker": true,
            "isBestMatch": true
        },
        {
            "id": 1102650,
            "price": "623.22000000",
            "qty": "0.39500000",
            "quoteQty": "246.17190000",
            "time": 1732291892529,
            "isBuyerMaker": false,
            "isBestMatch": true
        },
        {
            "id": 1102651,
            "price": "623.23000000",
            "qty": "0.64900000",
            "quoteQty": "404.47627000",
            "time": 1732291893527,
            "isBuyerMaker": false,
            "isBestMatch": true
        },
        {
            "id": 1102652,
            "price": "623.16000000",
            "qty": "0.66600000",
            "quoteQty": "415.02456000",
            "time": 1732291893808,
            "isBuyerMaker": true,
            "isBestMatch": true
        },
        {
            "id": 1102653,
            "price": "623.18000000",
            "qty": "0.36700000",
            "quoteQty": "228.70706000",
            "time": 1732291894525,
            "isBuyerMaker": false,
            "isBestMatch": true
        },
        {
            "id": 1102654,
            "price": "623.18000000",
            "qty": "0.11500000",
            "quoteQty": "71.66570000",
            "time": 1732291895522,
            "isBuyerMaker": false,
            "isBestMatch": true
        },
        {
            "id": 1102655,
            "price": "623.19000000",
            "qty": "0.31200000",
            "quoteQty": "194.43528000",
            "time": 1732291896528,
            "isBuyerMaker": false,
            "isBestMatch": true
        },
        {
            "id": 1102656,
            "price": "623.16000000",
            "qty": "0.53000000",
            "quoteQty": "330.27480000",
            "time": 1732291897358,
            "isBuyerMaker": true,
            "isBestMatch": true
        },
        {
            "id": 1102657,
            "price": "623.17000000",
            "qty": "0.49700000",
            "quoteQty": "309.71549000",
            "time": 1732291897540,
            "isBuyerMaker": false,
            "isBestMatch": true
        },
        {
            "id": 1102658,
            "price": "623.17000000",
            "qty": "0.19300000",
            "quoteQty": "120.27181000",
            "time": 1732291898529,
            "isBuyerMaker": false,
            "isBestMatch": true
        },
        {
            "id": 1102659,
            "price": "623.16000000",
            "qty": "0.61800000",
            "quoteQty": "385.11288000",
            "time": 1732291898588,
            "isBuyerMaker": true,
            "isBestMatch": true
        },
        {
            "id": 1102660,
            "price": "623.16000000",
            "qty": "0.62600000",
            "quoteQty": "390.09816000",
            "time": 1732291898603,
            "isBuyerMaker": true,
            "isBestMatch": true
        },
        {
            "id": 1102661,
            "price": "623.16000000",
            "qty": "0.51400000",
            "quoteQty": "320.30424000",
            "time": 1732291900097,
            "isBuyerMaker": true,
            "isBestMatch": true
        },
        {
            "id": 1102662,
            "price": "623.16000000",
            "qty": "0.74700000",
            "quoteQty": "465.50052000",
            "time": 1732291901582,
            "isBuyerMaker": true,
            "isBestMatch": true
        },
        {
            "id": 1102663,
            "price": "623.16000000",
            "qty": "0.76300000",
            "quoteQty": "475.47108000",
            "time": 1732291902725,
            "isBuyerMaker": true,
            "isBestMatch": true
        },
        {
            "id": 1102664,
            "price": "623.16000000",
            "qty": "0.46600000",
            "quoteQty": "290.39256000",
            "time": 1732291902738,
            "isBuyerMaker": true,
            "isBestMatch": true
        },
        {
            "id": 1102665,
            "price": "623.16000000",
            "qty": "0.49800000",
            "quoteQty": "310.33368000",
            "time": 1732291906272,
            "isBuyerMaker": true,
            "isBestMatch": true
        },
        {
            "id": 1102666,
            "price": "623.16000000",
            "qty": "0.49800000",
            "quoteQty": "310.33368000",
            "time": 1732291906291,
            "isBuyerMaker": true,
            "isBestMatch": true
        },
        {
            "id": 1102667,
            "price": "623.16000000",
            "qty": "0.50600000",
            "quoteQty": "315.31896000",
            "time": 1732291909932,
            "isBuyerMaker": true,
            "isBestMatch": true
        },
        {
            "id": 1102668,
            "price": "623.16000000",
            "qty": "0.41000000",
            "quoteQty": "255.49560000",
            "time": 1732291911900,
            "isBuyerMaker": true,
            "isBestMatch": true
        },
        {
            "id": 1102669,
            "price": "623.16000000",
            "qty": "0.76300000",
            "quoteQty": "475.47108000",
            "time": 1732291911908,
            "isBuyerMaker": true,
            "isBestMatch": true
        },
        {
            "id": 1102670,
            "price": "623.27000000",
            "qty": "0.64100000",
            "quoteQty": "399.51607000",
            "time": 1732291914524,
            "isBuyerMaker": false,
            "isBestMatch": true
        },
        {
            "id": 1102671,
            "price": "623.16000000",
            "qty": "0.46600000",
            "quoteQty": "290.39256000",
            "time": 1732291915306,
            "isBuyerMaker": true,
            "isBestMatch": true
        },
        {
            "id": 1102672,
            "price": "623.16000000",
            "qty": "0.73900000",
            "quoteQty": "460.51524000",
            "time": 1732291915323,
            "isBuyerMaker": true,
            "isBestMatch": true
        },
        {
            "id": 1102673,
            "price": "623.16000000",
            "qty": "0.75500000",
            "quoteQty": "470.48580000",
            "time": 1732291917707,
            "isBuyerMaker": true,
            "isBestMatch": true
        },
        {
            "id": 1102674,
            "price": "623.16000000",
            "qty": "0.70700000",
            "quoteQty": "440.57412000",
            "time": 1732291917725,
            "isBuyerMaker": true,
            "isBestMatch": true
        },
        {
            "id": 1102675,
            "price": "623.16000000",
            "qty": "0.47400000",
            "quoteQty": "295.37784000",
            "time": 1732291920259,
            "isBuyerMaker": true,
            "isBestMatch": true
        },
        {
            "id": 1102676,
            "price": "623.16000000",
            "qty": "0.60300000",
            "quoteQty": "375.76548000",
            "time": 1732291922585,
            "isBuyerMaker": true,
            "isBestMatch": true
        },
        {
            "id": 1102677,
            "price": "623.16000000",
            "qty": "0.74700000",
            "quoteQty": "465.50052000",
            "time": 1732291922598,
            "isBuyerMaker": true,
            "isBestMatch": true
        },
        {
            "id": 1102678,
            "price": "623.16000000",
            "qty": "0.62700000",
            "quoteQty": "390.72132000",
            "time": 1732291924768,
            "isBuyerMaker": true,
            "isBestMatch": true
        },
        {
            "id": 1102679,
            "price": "623.16000000",
            "qty": "0.76300000",
            "quoteQty": "475.47108000",
            "time": 1732291924787,
            "isBuyerMaker": true,
            "isBestMatch": true
        },
        {
            "id": 1102680,
            "price": "623.16000000",
            "qty": "0.43400000",
            "quoteQty": "270.45144000",
            "time": 1732291926800,
            "isBuyerMaker": true,
            "isBestMatch": true
        },
        {
            "id": 1102681,
            "price": "623.16000000",
            "qty": "0.54600000",
            "quoteQty": "340.24536000",
            "time": 1732291928880,
            "isBuyerMaker": true,
            "isBestMatch": true
        },
        {
            "id": 1102682,
            "price": "623.20000000",
            "qty": "0.30300000",
            "quoteQty": "188.82960000",
            "time": 1732291931526,
            "isBuyerMaker": false,
            "isBestMatch": true
        },
        {
            "id": 1102683,
            "price": "623.20000000",
            "qty": "0.03100000",
            "quoteQty": "19.31920000",
            "time": 1732291933523,
            "isBuyerMaker": false,
            "isBestMatch": true
        },
        {
            "id": 1102684,
            "price": "623.20000000",
            "qty": "0.42100000",
            "quoteQty": "262.36720000",
            "time": 1732291933593,
            "isBuyerMaker": false,
            "isBestMatch": true
        },
        {
            "id": 1102685,
            "price": "623.27000000",
            "qty": "0.00100000",
            "quoteQty": "0.62327000",
            "time": 1732291933593,
            "isBuyerMaker": false,
            "isBestMatch": true
        },
        {
            "id": 1102686,
            "price": "623.29000000",
            "qty": "0.11700000",
            "quoteQty": "72.92493000",
            "time": 1732291934534,
            "isBuyerMaker": false,
            "isBestMatch": true
        },
        {
            "id": 1102687,
            "price": "623.29000000",
            "qty": "0.34100000",
            "quoteQty": "212.54189000",
            "time": 1732291935684,
            "isBuyerMaker": false,
            "isBestMatch": true
        },
        {
            "id": 1102688,
            "price": "623.34000000",
            "qty": "0.33300000",
            "quoteQty": "207.57222000",
            "time": 1732291935684,
            "isBuyerMaker": false,
            "isBestMatch": true
        },
        {
            "id": 1102689,
            "price": "623.34000000",
            "qty": "0.06900000",
            "quoteQty": "43.01046000",
            "time": 1732291935722,
            "isBuyerMaker": false,
            "isBestMatch": true
        },
        {
            "id": 1102690,
            "price": "623.38000000",
            "qty": "0.44200000",
            "quoteQty": "275.53396000",
            "time": 1732291937770,
            "isBuyerMaker": true,
            "isBestMatch": true
        },
        {
            "id": 1102691,
            "price": "623.38000000",
            "qty": "0.56200000",
            "quoteQty": "350.33956000",
            "time": 1732291937780,
            "isBuyerMaker": true,
            "isBestMatch": true
        },
        {
            "id": 1102692,
            "price": "623.38000000",
            "qty": "0.51400000",
            "quoteQty": "320.41732000",
            "time": 1732291937789,
            "isBuyerMaker": true,
            "isBestMatch": true
        },
        {
            "id": 1102693,
            "price": "623.38000000",
            "qty": "0.74700000",
            "quoteQty": "465.66486000",
            "time": 1732291940082,
            "isBuyerMaker": true,
            "isBestMatch": true
        },
        {
            "id": 1102694,
            "price": "623.38000000",
            "qty": "0.45000000",
            "quoteQty": "280.52100000",
            "time": 1732291941997,
            "isBuyerMaker": true,
            "isBestMatch": true
        },
        {
            "id": 1102695,
            "price": "623.38000000",
            "qty": "0.41000000",
            "quoteQty": "255.58580000",
            "time": 1732291942011,
            "isBuyerMaker": true,
            "isBestMatch": true
        },
        {
            "id": 1102696,
            "price": "623.38000000",
            "qty": "0.53800000",
            "quoteQty": "335.37844000",
            "time": 1732291942024,
            "isBuyerMaker": true,
            "isBestMatch": true
        },
        {
            "id": 1102697,
            "price": "623.38000000",
            "qty": "0.45800000",
            "quoteQty": "285.50804000",
            "time": 1732291942033,
            "isBuyerMaker": true,
            "isBestMatch": true
        },
        {
            "id": 1102698,
            "price": "623.45000000",
            "qty": "0.70400000",
            "quoteQty": "438.90880000",
            "time": 1732291943526,
            "isBuyerMaker": false,
            "isBestMatch": true
        },
        {
            "id": 1102699,
            "price": "623.38000000",
            "qty": "0.73900000",
            "quoteQty": "460.67782000",
            "time": 1732291943737,
            "isBuyerMaker": true,
            "isBestMatch": true
        },
        {
            "id": 1102700,
            "price": "623.38000000",
            "qty": "0.68200000",
            "quoteQty": "425.14516000",
            "time": 1732291943744,
            "isBuyerMaker": true,
            "isBestMatch": true
        },
        {
            "id": 1102701,
            "price": "623.38000000",
            "qty": "0.76200000",
            "quoteQty": "475.01556000",
            "time": 1732291944870,
            "isBuyerMaker": true,
            "isBestMatch": true
        },
        {
            "id": 1102702,
            "price": "623.38000000",
            "qty": "0.59400000",
            "quoteQty": "370.28772000",
            "time": 1732291945997,
            "isBuyerMaker": true,
            "isBestMatch": true
        },
        {
            "id": 1102703,
            "price": "623.38000000",
            "qty": "0.64200000",
            "quoteQty": "400.20996000",
            "time": 1732291947953,
            "isBuyerMaker": true,
            "isBestMatch": true
        },
        {
            "id": 1102704,
            "price": "623.38000000",
            "qty": "0.49000000",
            "quoteQty": "305.45620000",
            "time": 1732291947965,
            "isBuyerMaker": true,
            "isBestMatch": true
        },
        {
            "id": 1102705,
            "price": "623.38000000",
            "qty": "0.40200000",
            "quoteQty": "250.59876000",
            "time": 1732291947975,
            "isBuyerMaker": true,
            "isBestMatch": true
        },
        {
            "id": 1102706,
            "price": "623.38000000",
            "qty": "0.68200000",
            "quoteQty": "425.14516000",
            "time": 1732291947984,
            "isBuyerMaker": true,
            "isBestMatch": true
        },
        {
            "id": 1102707,
            "price": "623.38000000",
            "qty": "0.57800000",
            "quoteQty": "360.31364000",
            "time": 1732291947992,
            "isBuyerMaker": true,
            "isBestMatch": true
        },
        {
            "id": 1102708,
            "price": "623.38000000",
            "qty": "0.41800000",
            "quoteQty": "260.57284000",
            "time": 1732291949808,
            "isBuyerMaker": true,
            "isBestMatch": true
        },
        {
            "id": 1102709,
            "price": "623.38000000",
            "qty": "0.67500000",
            "quoteQty": "420.78150000",
            "time": 1732291951181,
            "isBuyerMaker": true,
            "isBestMatch": true
        },
        {
            "id": 1102710,
            "price": "623.38000000",
            "qty": "0.73900000",
            "quoteQty": "460.67782000",
            "time": 1732291951209,
            "isBuyerMaker": true,
            "isBestMatch": true
        },
        {
            "id": 1102711,
            "price": "623.38000000",
            "qty": "0.54600000",
            "quoteQty": "340.36548000",
            "time": 1732291951223,
            "isBuyerMaker": true,
            "isBestMatch": true
        },
        {
            "id": 1102712,
            "price": "623.38000000",
            "qty": "0.44200000",
            "quoteQty": "275.53396000",
            "time": 1732291951239,
            "isBuyerMaker": true,
            "isBestMatch": true
        },
        {
            "id": 1102713,
            "price": "623.39000000",
            "qty": "0.51400000",
            "quoteQty": "320.42246000",
            "time": 1732291952526,
            "isBuyerMaker": false,
            "isBestMatch": true
        },
        {
            "id": 1102714,
            "price": "623.38000000",
            "qty": "0.52200000",
            "quoteQty": "325.40436000",
            "time": 1732291952919,
            "isBuyerMaker": true,
            "isBestMatch": true
        },
        {
            "id": 1102715,
            "price": "623.41000000",
            "qty": "0.53000000",
            "quoteQty": "330.40730000",
            "time": 1732291953531,
            "isBuyerMaker": false,
            "isBestMatch": true
        },
        {
            "id": 1102716,
            "price": "623.41000000",
            "qty": "0.01500000",
            "quoteQty": "9.35115000",
            "time": 1732291954527,
            "isBuyerMaker": false,
            "isBestMatch": true
        },
        {
            "id": 1102717,
            "price": "623.38000000",
            "qty": "0.68300000",
            "quoteQty": "425.76854000",
            "time": 1732291954705,
            "isBuyerMaker": true,
            "isBestMatch": true
        },
        {
            "id": 1102718,
            "price": "623.38000000",
            "qty": "0.64300000",
            "quoteQty": "400.83334000",
            "time": 1732291957629,
            "isBuyerMaker": true,
            "isBestMatch": true
        },
        {
            "id": 1102719,
            "price": "623.38000000",
            "qty": "0.61900000",
            "quoteQty": "385.87222000",
            "time": 1732291960431,
            "isBuyerMaker": true,
            "isBestMatch": true
        },
        {
            "id": 1102720,
            "price": "623.38000000",
            "qty": "0.71500000",
            "quoteQty": "445.71670000",
            "time": 1732291960448,
            "isBuyerMaker": true,
            "isBestMatch": true
        },
        {
            "id": 1102721,
            "price": "623.38000000",
            "qty": "0.48200000",
            "quoteQty": "300.46916000",
            "time": 1732291960472,
            "isBuyerMaker": true,
            "isBestMatch": true
        },
        {
            "id": 1102722,
            "price": "623.38000000",
            "qty": "0.76300000",
            "quoteQty": "475.63894000",
            "time": 1732291960490,
            "isBuyerMaker": true,
            "isBestMatch": true
        },
        {
            "id": 1102723,
            "price": "623.38000000",
            "qty": "0.43400000",
            "quoteQty": "270.54692000",
            "time": 1732291960505,
            "isBuyerMaker": true,
            "isBestMatch": true
        },
        {
            "id": 1102724,
            "price": "623.38000000",
            "qty": "0.44200000",
            "quoteQty": "275.53396000",
            "time": 1732291960522,
            "isBuyerMaker": true,
            "isBestMatch": true
        },
        {
            "id": 1102725,
            "price": "623.52000000",
            "qty": "0.60900000",
            "quoteQty": "379.72368000",
            "time": 1732291961528,
            "isBuyerMaker": false,
            "isBestMatch": true
        },
        {
            "id": 1102726,
            "price": "623.38000000",
            "qty": "0.48200000",
            "quoteQty": "300.46916000",
            "time": 1732291962092,
            "isBuyerMaker": true,
            "isBestMatch": true
        },
        {
            "id": 1102727,
            "price": "623.38000000",
            "qty": "0.75500000",
            "quoteQty": "470.65190000",
            "time": 1732291962108,
            "isBuyerMaker": true,
            "isBestMatch": true
        },
        {
            "id": 1102728,
            "price": "623.38000000",
            "qty": "0.41800000",
            "quoteQty": "260.57284000",
            "time": 1732291962124,
            "isBuyerMaker": true,
            "isBestMatch": true
        },
        {
            "id": 1102729,
            "price": "623.38000000",
            "qty": "0.73900000",
            "quoteQty": "460.67782000",
            "time": 1732291962138,
            "isBuyerMaker": true,
            "isBestMatch": true
        },
        {
            "id": 1102730,
            "price": "623.38000000",
            "qty": "0.45800000",
            "quoteQty": "285.50804000",
            "time": 1732291963651,
            "isBuyerMaker": true,
            "isBestMatch": true
        },
        {
            "id": 1102731,
            "price": "623.38000000",
            "qty": "0.57000000",
            "quoteQty": "355.32660000",
            "time": 1732291963656,
            "isBuyerMaker": true,
            "isBestMatch": true
        },
        {
            "id": 1102732,
            "price": "623.38000000",
            "qty": "0.62600000",
            "quoteQty": "390.23588000",
            "time": 1732291963664,
            "isBuyerMaker": true,
            "isBestMatch": true
        },
        {
            "id": 1102733,
            "price": "623.38000000",
            "qty": "0.65100000",
            "quoteQty": "405.82038000",
            "time": 1732291965108,
            "isBuyerMaker": true,
            "isBestMatch": true
        },
        {
            "id": 1102734,
            "price": "623.38000000",
            "qty": "0.77100000",
            "quoteQty": "480.62598000",
            "time": 1732291965116,
            "isBuyerMaker": true,
            "isBestMatch": true
        },
        {
            "id": 1102735,
            "price": "623.38000000",
            "qty": "0.69800000",
            "quoteQty": "435.11924000",
            "time": 1732291966553,
            "isBuyerMaker": true,
            "isBestMatch": true
        },
        {
            "id": 1102736,
            "price": "623.38000000",
            "qty": "0.72200000",
            "quoteQty": "450.08036000",
            "time": 1732291966563,
            "isBuyerMaker": true,
            "isBestMatch": true
        },
        {
            "id": 1102737,
            "price": "623.46000000",
            "qty": "0.41800000",
            "quoteQty": "260.60628000",
            "time": 1732291967529,
            "isBuyerMaker": false,
            "isBestMatch": true
        },
        {
            "id": 1102738,
            "price": "623.38000000",
            "qty": "0.80300000",
            "quoteQty": "500.57414000",
            "time": 1732291967803,
            "isBuyerMaker": true,
            "isBestMatch": true
        },
        {
            "id": 1102739,
            "price": "623.38000000",
            "qty": "0.64300000",
            "quoteQty": "400.83334000",
            "time": 1732291967814,
            "isBuyerMaker": true,
            "isBestMatch": true
        },
        {
            "id": 1102740,
            "price": "623.38000000",
            "qty": "0.41800000",
            "quoteQty": "260.57284000",
            "time": 1732291967825,
            "isBuyerMaker": true,
            "isBestMatch": true
        },
        {
            "id": 1102741,
            "price": "623.38000000",
            "qty": "0.49800000",
            "quoteQty": "310.44324000",
            "time": 1732291967840,
            "isBuyerMaker": true,
            "isBestMatch": true
        },
        {
            "id": 1102742,
            "price": "623.38000000",
            "qty": "0.47400000",
            "quoteQty": "295.48212000",
            "time": 1732291968991,
            "isBuyerMaker": true,
            "isBestMatch": true
        },
        {
            "id": 1102743,
            "price": "623.38000000",
            "qty": "0.48200000",
            "quoteQty": "300.46916000",
            "time": 1732291970074,
            "isBuyerMaker": true,
            "isBestMatch": true
        },
        {
            "id": 1102744,
            "price": "623.38000000",
            "qty": "0.71500000",
            "quoteQty": "445.71670000",
            "time": 1732291970091,
            "isBuyerMaker": true,
            "isBestMatch": true
        },
        {
            "id": 1102745,
            "price": "623.38000000",
            "qty": "0.76300000",
            "quoteQty": "475.63894000",
            "time": 1732291970105,
            "isBuyerMaker": true,
            "isBestMatch": true
        },
        {
            "id": 1102746,
            "price": "623.38000000",
            "qty": "0.73100000",
            "quoteQty": "455.69078000",
            "time": 1732291970124,
            "isBuyerMaker": true,
            "isBestMatch": true
        },
        {
            "id": 1102747,
            "price": "623.38000000",
            "qty": "0.49000000",
            "quoteQty": "305.45620000",
            "time": 1732291971259,
            "isBuyerMaker": true,
            "isBestMatch": true
        },
        {
            "id": 1102748,
            "price": "623.38000000",
            "qty": "0.63400000",
            "quoteQty": "395.22292000",
            "time": 1732291972881,
            "isBuyerMaker": true,
            "isBestMatch": true
        },
        {
            "id": 1102749,
            "price": "623.38000000",
            "qty": "0.50600000",
            "quoteQty": "315.43028000",
            "time": 1732291974521,
            "isBuyerMaker": true,
            "isBestMatch": true
        },
        {
            "id": 1102750,
            "price": "623.38000000",
            "qty": "0.61900000",
            "quoteQty": "385.87222000",
            "time": 1732291974538,
            "isBuyerMaker": true,
            "isBestMatch": true
        },
        {
            "id": 1102751,
            "price": "623.38000000",
            "qty": "0.65100000",
            "quoteQty": "405.82038000",
            "time": 1732291974552,
            "isBuyerMaker": true,
            "isBestMatch": true
        },
        {
            "id": 1102752,
            "price": "623.38000000",
            "qty": "0.57000000",
            "quoteQty": "355.32660000",
            "time": 1732291974568,
            "isBuyerMaker": true,
            "isBestMatch": true
        },
        {
            "id": 1102753,
            "price": "623.38000000",
            "qty": "0.45800000",
            "quoteQty": "285.50804000",
            "time": 1732291978487,
            "isBuyerMaker": true,
            "isBestMatch": true
        },
        {
            "id": 1102754,
            "price": "623.38000000",
            "qty": "0.61800000",
            "quoteQty": "385.24884000",
            "time": 1732291978498,
            "isBuyerMaker": true,
            "isBestMatch": true
        },
        {
            "id": 1102755,
            "price": "623.38000000",
            "qty": "0.69100000",
            "quoteQty": "430.75558000",
            "time": 1732291980148,
            "isBuyerMaker": true,
            "isBestMatch": true
        },
        {
            "id": 1102756,
            "price": "623.38000000",
            "qty": "0.57800000",
            "quoteQty": "360.31364000",
            "time": 1732291982024,
            "isBuyerMaker": true,
            "isBestMatch": true
        },
        {
            "id": 1102757,
            "price": "623.38000000",
            "qty": "0.66700000",
            "quoteQty": "415.79446000",
            "time": 1732291982047,
            "isBuyerMaker": true,
            "isBestMatch": true
        },
        {
            "id": 1102758,
            "price": "623.38000000",
            "qty": "0.80300000",
            "quoteQty": "500.57414000",
            "time": 1732291982061,
            "isBuyerMaker": true,
            "isBestMatch": true
        },
        {
            "id": 1102759,
            "price": "623.38000000",
            "qty": "0.65100000",
            "quoteQty": "405.82038000",
            "time": 1732291983539,
            "isBuyerMaker": true,
            "isBestMatch": true
        },
        {
            "id": 1102760,
            "price": "623.38000000",
            "qty": "0.45800000",
            "quoteQty": "285.50804000",
            "time": 1732291984972,
            "isBuyerMaker": true,
            "isBestMatch": true
        },
        {
            "id": 1102761,
            "price": "623.38000000",
            "qty": "0.72300000",
            "quoteQty": "450.70374000",
            "time": 1732291984980,
            "isBuyerMaker": true,
            "isBestMatch": true
        },
        {
            "id": 1102762,
            "price": "623.38000000",
            "qty": "0.53000000",
            "quoteQty": "330.39140000",
            "time": 1732291984985,
            "isBuyerMaker": true,
            "isBestMatch": true
        },
        {
            "id": 1102763,
            "price": "623.38000000",
            "qty": "0.65000000",
            "quoteQty": "405.19700000",
            "time": 1732291984991,
            "isBuyerMaker": true,
            "isBestMatch": true
        },
        {
            "id": 1102764,
            "price": "623.40000000",
            "qty": "0.32000000",
            "quoteQty": "199.48800000",
            "time": 1732291985055,
            "isBuyerMaker": false,
            "isBestMatch": true
        },
        {
            "id": 1102765,
            "price": "623.40000000",
            "qty": "0.31300000",
            "quoteQty": "195.12420000",
            "time": 1732291985524,
            "isBuyerMaker": false,
            "isBestMatch": true
        },
        {
            "id": 1102766,
            "price": "623.38000000",
            "qty": "0.47300000",
            "quoteQty": "294.85874000",
            "time": 1732291985526,
            "isBuyerMaker": true,
            "isBestMatch": true
        },
        {
            "id": 1102767,
            "price": "623.38000000",
            "qty": "0.74700000",
            "quoteQty": "465.66486000",
            "time": 1732291987065,
            "isBuyerMaker": true,
            "isBestMatch": true
        },
        {
            "id": 1102768,
            "price": "623.38000000",
            "qty": "0.50600000",
            "quoteQty": "315.43028000",
            "time": 1732291989160,
            "isBuyerMaker": true,
            "isBestMatch": true
        },
        {
            "id": 1102769,
            "price": "623.38000000",
            "qty": "0.61000000",
            "quoteQty": "380.26180000",
            "time": 1732291991368,
            "isBuyerMaker": true,
            "isBestMatch": true
        },
        {
            "id": 1102770,
            "price": "623.38000000",
            "qty": "0.65100000",
            "quoteQty": "405.82038000",
            "time": 1732291991387,
            "isBuyerMaker": true,
            "isBestMatch": true
        },
        {
            "id": 1102771,
            "price": "623.38000000",
            "qty": "0.79500000",
            "quoteQty": "495.58710000",
            "time": 1732291991404,
            "isBuyerMaker": true,
            "isBestMatch": true
        },
        {
            "id": 1102772,
            "price": "623.38000000",
            "qty": "0.41800000",
            "quoteQty": "260.57284000",
            "time": 1732291992853,
            "isBuyerMaker": true,
            "isBestMatch": true
        },
        {
            "id": 1102773,
            "price": "623.38000000",
            "qty": "0.73100000",
            "quoteQty": "455.69078000",
            "time": 1732291994260,
            "isBuyerMaker": true,
            "isBestMatch": true
        },
        {
            "id": 1102774,
            "price": "623.38000000",
            "qty": "0.75500000",
            "quoteQty": "470.65190000",
            "time": 1732291994277,
            "isBuyerMaker": true,
            "isBestMatch": true
        },
        {
            "id": 1102775,
            "price": "623.38000000",
            "qty": "0.60300000",
            "quoteQty": "375.89814000",
            "time": 1732291994287,
            "isBuyerMaker": true,
            "isBestMatch": true
        },
        {
            "id": 1102776,
            "price": "623.38000000",
            "qty": "0.57000000",
            "quoteQty": "355.32660000",
            "time": 1732291994300,
            "isBuyerMaker": true,
            "isBestMatch": true
        },
        {
            "id": 1102777,
            "price": "623.38000000",
            "qty": "0.62700000",
            "quoteQty": "390.85926000",
            "time": 1732291994312,
            "isBuyerMaker": true,
            "isBestMatch": true
        },
        {
            "id": 1102778,
            "price": "623.38000000",
            "qty": "0.44200000",
            "quoteQty": "275.53396000",
            "time": 1732291995767,
            "isBuyerMaker": true,
            "isBestMatch": true
        },
        {
            "id": 1102779,
            "price": "623.38000000",
            "qty": "0.79500000",
            "quoteQty": "495.58710000",
            "time": 1732291996890,
            "isBuyerMaker": true,
            "isBestMatch": true
        },
        {
            "id": 1102780,
            "price": "622.88000000",
            "qty": "0.46500000",
            "quoteQty": "289.63920000",
            "time": 1732291998530,
            "isBuyerMaker": false,
            "isBestMatch": true
        },
        {
            "id": 1102781,
            "price": "622.75000000",
            "qty": "0.45000000",
            "quoteQty": "280.23750000",
            "time": 1732291999204,
            "isBuyerMaker": true,
            "isBestMatch": true
        },
        {
            "id": 1102782,
            "price": "622.75000000",
            "qty": "0.43400000",
            "quoteQty": "270.27350000",
            "time": 1732291999221,
            "isBuyerMaker": true,
            "isBestMatch": true
        },
        {
            "id": 1102783,
            "price": "622.75000000",
            "qty": "0.70700000",
            "quoteQty": "440.28425000",
            "time": 1732292000797,
            "isBuyerMaker": true,
            "isBestMatch": true
        },
        {
            "id": 1102784,
            "price": "622.75000000",
            "qty": "0.44200000",
            "quoteQty": "275.25550000",
            "time": 1732292002587,
            "isBuyerMaker": true,
            "isBestMatch": true
        },
        {
            "id": 1102785,
            "price": "622.75000000",
            "qty": "0.57900000",
            "quoteQty": "360.57225000",
            "time": 1732292004977,
            "isBuyerMaker": true,
            "isBestMatch": true
        },
        {
            "id": 1102786,
            "price": "622.75000000",
            "qty": "0.60300000",
            "quoteQty": "375.51825000",
            "time": 1732292008129,
            "isBuyerMaker": true,
            "isBestMatch": true
        },
        {
            "id": 1102787,
            "price": "622.75000000",
            "qty": "0.71500000",
            "quoteQty": "445.26625000",
            "time": 1732292009951,
            "isBuyerMaker": true,
            "isBestMatch": true
        },
        {
            "id": 1102788,
            "price": "622.79000000",
            "qty": "0.31800000",
            "quoteQty": "198.04722000",
            "time": 1732292010526,
            "isBuyerMaker": false,
            "isBestMatch": true
        },
        {
            "id": 1102789,
            "price": "622.75000000",
            "qty": "0.49000000",
            "quoteQty": "305.14750000",
            "time": 1732292011125,
            "isBuyerMaker": true,
            "isBestMatch": true
        },
        {
            "id": 1102790,
            "price": "622.82000000",
            "qty": "0.57800000",
            "quoteQty": "359.98996000",
            "time": 1732292012528,
            "isBuyerMaker": false,
            "isBestMatch": true
        },
        {
            "id": 1102791,
            "price": "622.82000000",
            "qty": "0.16900000",
            "quoteQty": "105.25658000",
            "time": 1732292013525,
            "isBuyerMaker": false,
            "isBestMatch": true
        },
        {
            "id": 1102792,
            "price": "622.75000000",
            "qty": "0.67500000",
            "quoteQty": "420.35625000",
            "time": 1732292014280,
            "isBuyerMaker": true,
            "isBestMatch": true
        },
        {
            "id": 1102793,
            "price": "622.75000000",
            "qty": "0.67500000",
            "quoteQty": "420.35625000",
            "time": 1732292014293,
            "isBuyerMaker": true,
            "isBestMatch": true
        },
        {
            "id": 1102794,
            "price": "622.75000000",
            "qty": "0.63500000",
            "quoteQty": "395.44625000",
            "time": 1732292016045,
            "isBuyerMaker": true,
            "isBestMatch": true
        },
        {
            "id": 1102795,
            "price": "622.75000000",
            "qty": "0.55500000",
            "quoteQty": "345.62625000",
            "time": 1732292016061,
            "isBuyerMaker": true,
            "isBestMatch": true
        },
        {
            "id": 1102796,
            "price": "622.75000000",
            "qty": "0.69900000",
            "quoteQty": "435.30225000",
            "time": 1732292017717,
            "isBuyerMaker": true,
            "isBestMatch": true
        },
        {
            "id": 1102797,
            "price": "622.75000000",
            "qty": "0.52300000",
            "quoteQty": "325.69825000",
            "time": 1732292017744,
            "isBuyerMaker": true,
            "isBestMatch": true
        },
        {
            "id": 1102798,
            "price": "622.75000000",
            "qty": "0.77900000",
            "quoteQty": "485.12225000",
            "time": 1732292017766,
            "isBuyerMaker": true,
            "isBestMatch": true
        },
        {
            "id": 1102799,
            "price": "622.85000000",
            "qty": "0.49700000",
            "quoteQty": "309.55645000",
            "time": 1732292018528,
            "isBuyerMaker": false,
            "isBestMatch": true
        },
        {
            "id": 1102800,
            "price": "622.77000000",
            "qty": "0.47400000",
            "quoteQty": "295.19298000",
            "time": 1732292019522,
            "isBuyerMaker": false,
            "isBestMatch": true
        },
        {
            "id": 1102801,
            "price": "622.75000000",
            "qty": "0.76300000",
            "quoteQty": "475.15825000",
            "time": 1732292020840,
            "isBuyerMaker": true,
            "isBestMatch": true
        },
        {
            "id": 1102802,
            "price": "622.77000000",
            "qty": "0.19300000",
            "quoteQty": "120.19461000",
            "time": 1732292021525,
            "isBuyerMaker": false,
            "isBestMatch": true
        },
        {
            "id": 1102803,
            "price": "622.75000000",
            "qty": "0.55500000",
            "quoteQty": "345.62625000",
            "time": 1732292022410,
            "isBuyerMaker": true,
            "isBestMatch": true
        },
        {
            "id": 1102804,
            "price": "622.75000000",
            "qty": "0.65100000",
            "quoteQty": "405.41025000",
            "time": 1732292022419,
            "isBuyerMaker": true,
            "isBestMatch": true
        },
        {
            "id": 1102805,
            "price": "622.75000000",
            "qty": "0.68300000",
            "quoteQty": "425.33825000",
            "time": 1732292022431,
            "isBuyerMaker": true,
            "isBestMatch": true
        },
        {
            "id": 1102806,
            "price": "622.75000000",
            "qty": "0.51400000",
            "quoteQty": "320.09350000",
            "time": 1732292022446,
            "isBuyerMaker": true,
            "isBestMatch": true
        },
        {
            "id": 1102807,
            "price": "622.84000000",
            "qty": "0.41700000",
            "quoteQty": "259.72428000",
            "time": 1732292022526,
            "isBuyerMaker": false,
            "isBestMatch": true
        },
        {
            "id": 1102808,
            "price": "622.84000000",
            "qty": "0.15300000",
            "quoteQty": "95.29452000",
            "time": 1732292023522,
            "isBuyerMaker": false,
            "isBestMatch": true
        },
        {
            "id": 1102809,
            "price": "622.75000000",
            "qty": "0.42600000",
            "quoteQty": "265.29150000",
            "time": 1732292024476,
            "isBuyerMaker": true,
            "isBestMatch": true
        },
        {
            "id": 1102810,
            "price": "622.75000000",
            "qty": "0.72300000",
            "quoteQty": "450.24825000",
            "time": 1732292024490,
            "isBuyerMaker": true,
            "isBestMatch": true
        },
        {
            "id": 1102811,
            "price": "622.85000000",
            "qty": "0.17800000",
            "quoteQty": "110.86730000",
            "time": 1732292024529,
            "isBuyerMaker": false,
            "isBestMatch": true
        },
        {
            "id": 1102812,
            "price": "622.91000000",
            "qty": "0.59200000",
            "quoteQty": "368.76272000",
            "time": 1732292025526,
            "isBuyerMaker": false,
            "isBestMatch": true
        },
        {
            "id": 1102813,
            "price": "622.75000000",
            "qty": "0.72300000",
            "quoteQty": "450.24825000",
            "time": 1732292026507,
            "isBuyerMaker": true,
            "isBestMatch": true
        },
        {
            "id": 1102814,
            "price": "622.91000000",
            "qty": "0.06700000",
            "quoteQty": "41.73497000",
            "time": 1732292026530,
            "isBuyerMaker": false,
            "isBestMatch": true
        },
        {
            "id": 1102815,
            "price": "623.00000000",
            "qty": "0.25400000",
            "quoteQty": "158.24200000",
            "time": 1732292027528,
            "isBuyerMaker": false,
            "isBestMatch": true
        },
        {
            "id": 1102816,
            "price": "623.00000000",
            "qty": "0.37800000",
            "quoteQty": "235.49400000",
            "time": 1732292028530,
            "isBuyerMaker": false,
            "isBestMatch": true
        },
        {
            "id": 1102817,
            "price": "622.75000000",
            "qty": "0.57900000",
            "quoteQty": "360.57225000",
            "time": 1732292028574,
            "isBuyerMaker": true,
            "isBestMatch": true
        },
        {
            "id": 1102818,
            "price": "622.75000000",
            "qty": "0.61100000",
            "quoteQty": "380.50025000",
            "time": 1732292028589,
            "isBuyerMaker": true,
            "isBestMatch": true
        },
        {
            "id": 1102819,
            "price": "622.75000000",
            "qty": "0.65900000",
            "quoteQty": "410.39225000",
            "time": 1732292028598,
            "isBuyerMaker": true,
            "isBestMatch": true
        },
        {
            "id": 1102820,
            "price": "622.75000000",
            "qty": "0.74700000",
            "quoteQty": "465.19425000",
            "time": 1732292028612,
            "isBuyerMaker": true,
            "isBestMatch": true
        },
        {
            "id": 1102821,
            "price": "622.75000000",
            "qty": "0.55500000",
            "quoteQty": "345.62625000",
            "time": 1732292028620,
            "isBuyerMaker": true,
            "isBestMatch": true
        },
        {
            "id": 1102822,
            "price": "622.75000000",
            "qty": "0.77100000",
            "quoteQty": "480.14025000",
            "time": 1732292028628,
            "isBuyerMaker": true,
            "isBestMatch": true
        },
        {
            "id": 1102823,
            "price": "623.00000000",
            "qty": "0.16300000",
            "quoteQty": "101.54900000",
            "time": 1732292029526,
            "isBuyerMaker": false,
            "isBestMatch": true
        },
        {
            "id": 1102824,
            "price": "622.75000000",
            "qty": "0.53900000",
            "quoteQty": "335.66225000",
            "time": 1732292030473,
            "isBuyerMaker": true,
            "isBestMatch": true
        },
        {
            "id": 1102825,
            "price": "622.75000000",
            "qty": "0.66700000",
            "quoteQty": "415.37425000",
            "time": 1732292030482,
            "isBuyerMaker": true,
            "isBestMatch": true
        },
        {
            "id": 1102826,
            "price": "622.75000000",
            "qty": "0.63500000",
            "quoteQty": "395.44625000",
            "time": 1732292030491,
            "isBuyerMaker": true,
            "isBestMatch": true
        },
        {
            "id": 1102827,
            "price": "622.75000000",
            "qty": "0.49000000",
            "quoteQty": "305.14750000",
            "time": 1732292030500,
            "isBuyerMaker": true,
            "isBestMatch": true
        },
        {
            "id": 1102828,
            "price": "622.75000000",
            "qty": "0.73100000",
            "quoteQty": "455.23025000",
            "time": 1732292030513,
            "isBuyerMaker": true,
            "isBestMatch": true
        },
        {
            "id": 1102829,
            "price": "623.01000000",
            "qty": "0.33900000",
            "quoteQty": "211.20039000",
            "time": 1732292030527,
            "isBuyerMaker": false,
            "isBestMatch": true
        },
        {
            "id": 1102830,
            "price": "622.75000000",
            "qty": "0.47400000",
            "quoteQty": "295.18350000",
            "time": 1732292030555,
            "isBuyerMaker": true,
            "isBestMatch": true
        },
        {
            "id": 1102831,
            "price": "622.75000000",
            "qty": "0.75500000",
            "quoteQty": "470.17625000",
            "time": 1732292030584,
            "isBuyerMaker": true,
            "isBestMatch": true
        },
        {
            "id": 1102832,
            "price": "623.01000000",
            "qty": "0.42400000",
            "quoteQty": "264.15624000",
            "time": 1732292031532,
            "isBuyerMaker": false,
            "isBestMatch": true
        },
        {
            "id": 1102833,
            "price": "622.75000000",
            "qty": "0.49800000",
            "quoteQty": "310.12950000",
            "time": 1732292032466,
            "isBuyerMaker": true,
            "isBestMatch": true
        },
        {
            "id": 1102834,
            "price": "623.02000000",
            "qty": "0.05800000",
            "quoteQty": "36.13516000",
            "time": 1732292032524,
            "isBuyerMaker": false,
            "isBestMatch": true
        },
        {
            "id": 1102835,
            "price": "623.02000000",
            "qty": "0.36000000",
            "quoteQty": "224.28720000",
            "time": 1732292033525,
            "isBuyerMaker": false,
            "isBestMatch": true
        },
        {
            "id": 1102836,
            "price": "622.75000000",
            "qty": "0.40200000",
            "quoteQty": "250.34550000",
            "time": 1732292033871,
            "isBuyerMaker": true,
            "isBestMatch": true
        },
        {
            "id": 1102837,
            "price": "622.75000000",
            "qty": "0.48200000",
            "quoteQty": "300.16550000",
            "time": 1732292033887,
            "isBuyerMaker": true,
            "isBestMatch": true
        },
        {
            "id": 1102838,
            "price": "622.75000000",
            "qty": "0.42600000",
            "quoteQty": "265.29150000",
            "time": 1732292033906,
            "isBuyerMaker": true,
            "isBestMatch": true
        },
        {
            "id": 1102839,
            "price": "622.75000000",
            "qty": "0.40200000",
            "quoteQty": "250.34550000",
            "time": 1732292033923,
            "isBuyerMaker": true,
            "isBestMatch": true
        },
        {
            "id": 1102840,
            "price": "622.77000000",
            "qty": "0.14200000",
            "quoteQty": "88.43334000",
            "time": 1732292035529,
            "isBuyerMaker": false,
            "isBestMatch": true
        },
        {
            "id": 1102841,
            "price": "622.77000000",
            "qty": "0.53300000",
            "quoteQty": "331.93641000",
            "time": 1732292036525,
            "isBuyerMaker": false,
            "isBestMatch": true
        },
        {
            "id": 1102842,
            "price": "622.75000000",
            "qty": "0.40200000",
            "quoteQty": "250.34550000",
            "time": 1732292036845,
            "isBuyerMaker": true,
            "isBestMatch": true
        },
        {
            "id": 1102843,
            "price": "622.95000000",
            "qty": "0.04200000",
            "quoteQty": "26.16390000",
            "time": 1732292037527,
            "isBuyerMaker": false,
            "isBestMatch": true
        },
        {
            "id": 1102844,
            "price": "622.95000000",
            "qty": "0.61700000",
            "quoteQty": "384.36015000",
            "time": 1732292038530,
            "isBuyerMaker": false,
            "isBestMatch": true
        },
        {
            "id": 1102845,
            "price": "622.99000000",
            "qty": "0.32300000",
            "quoteQty": "201.22577000",
            "time": 1732292039529,
            "isBuyerMaker": false,
            "isBestMatch": true
        },
        {
            "id": 1102846,
            "price": "622.75000000",
            "qty": "0.59500000",
            "quoteQty": "370.53625000",
            "time": 1732292039554,
            "isBuyerMaker": true,
            "isBestMatch": true
        },
        {
            "id": 1102847,
            "price": "622.75000000",
            "qty": "0.73100000",
            "quoteQty": "455.23025000",
            "time": 1732292039563,
            "isBuyerMaker": true,
            "isBestMatch": true
        },
        {
            "id": 1102848,
            "price": "622.78000000",
            "qty": "0.11400000",
            "quoteQty": "70.99692000",
            "time": 1732292040529,
            "isBuyerMaker": false,
            "isBestMatch": true
        },
        {
            "id": 1102849,
            "price": "622.75000000",
            "qty": "0.74800000",
            "quoteQty": "465.81700000",
            "time": 1732292041287,
            "isBuyerMaker": true,
            "isBestMatch": true
        },
        {
            "id": 1102850,
            "price": "622.75000000",
            "qty": "0.46600000",
            "quoteQty": "290.20150000",
            "time": 1732292041307,
            "isBuyerMaker": true,
            "isBestMatch": true
        },
        {
            "id": 1102851,
            "price": "622.78000000",
            "qty": "0.48200000",
            "quoteQty": "300.17996000",
            "time": 1732292041526,
            "isBuyerMaker": false,
            "isBestMatch": true
        },
        {
            "id": 1102852,
            "price": "622.78000000",
            "qty": "0.07900000",
            "quoteQty": "49.19962000",
            "time": 1732292042527,
            "isBuyerMaker": false,
            "isBestMatch": true
        },
        {
            "id": 1102853,
            "price": "622.75000000",
            "qty": "0.54700000",
            "quoteQty": "340.64425000",
            "time": 1732292043052,
            "isBuyerMaker": true,
            "isBestMatch": true
        },
        {
            "id": 1102854,
            "price": "622.99000000",
            "qty": "0.10300000",
            "quoteQty": "64.16797000",
            "time": 1732292043529,
            "isBuyerMaker": false,
            "isBestMatch": true
        },
        {
            "id": 1102855,
            "price": "622.75000000",
            "qty": "0.45000000",
            "quoteQty": "280.23750000",
            "time": 1732292044658,
            "isBuyerMaker": true,
            "isBestMatch": true
        },
        {
            "id": 1102856,
            "price": "622.75000000",
            "qty": "0.74700000",
            "quoteQty": "465.19425000",
            "time": 1732292044667,
            "isBuyerMaker": true,
            "isBestMatch": true
        },
        {
            "id": 1102857,
            "price": "622.75000000",
            "qty": "0.73100000",
            "quoteQty": "455.23025000",
            "time": 1732292046254,
            "isBuyerMaker": true,
            "isBestMatch": true
        },
        {
            "id": 1102858,
            "price": "622.75000000",
            "qty": "0.77100000",
            "quoteQty": "480.14025000",
            "time": 1732292046266,
            "isBuyerMaker": true,
            "isBestMatch": true
        },
        {
            "id": 1102859,
            "price": "622.75000000",
            "qty": "0.70700000",
            "quoteQty": "440.28425000",
            "time": 1732292048711,
            "isBuyerMaker": true,
            "isBestMatch": true
        },
        {
            "id": 1102860,
            "price": "622.75000000",
            "qty": "0.65900000",
            "quoteQty": "410.39225000",
            "time": 1732292048720,
            "isBuyerMaker": true,
            "isBestMatch": true
        },
        {
            "id": 1102861,
            "price": "622.75000000",
            "qty": "0.72300000",
            "quoteQty": "450.24825000",
            "time": 1732292048741,
            "isBuyerMaker": true,
            "isBestMatch": true
        },
        {
            "id": 1102862,
            "price": "622.75000000",
            "qty": "0.66700000",
            "quoteQty": "415.37425000",
            "time": 1732292048749,
            "isBuyerMaker": true,
            "isBestMatch": true
        },
        {
            "id": 1102863,
            "price": "622.76000000",
            "qty": "0.26000000",
            "quoteQty": "161.91760000",
            "time": 1732292051525,
            "isBuyerMaker": false,
            "isBestMatch": true
        },
        {
            "id": 1102864,
            "price": "622.75000000",
            "qty": "0.49000000",
            "quoteQty": "305.14750000",
            "time": 1732292052382,
            "isBuyerMaker": true,
            "isBestMatch": true
        },
        {
            "id": 1102865,
            "price": "622.75000000",
            "qty": "0.57100000",
            "quoteQty": "355.59025000",
            "time": 1732292052388,
            "isBuyerMaker": true,
            "isBestMatch": true
        },
        {
            "id": 1102866,
            "price": "622.78000000",
            "qty": "0.45000000",
            "quoteQty": "280.25100000",
            "time": 1732292052528,
            "isBuyerMaker": false,
            "isBestMatch": true
        },
        {
            "id": 1102867,
            "price": "622.80000000",
            "qty": "0.22500000",
            "quoteQty": "140.13000000",
            "time": 1732292053531,
            "isBuyerMaker": false,
            "isBestMatch": true
        },
        {
            "id": 1102868,
            "price": "622.80000000",
            "qty": "0.34600000",
            "quoteQty": "215.48880000",
            "time": 1732292054525,
            "isBuyerMaker": false,
            "isBestMatch": true
        },
        {
            "id": 1102869,
            "price": "622.75000000",
            "qty": "0.55500000",
            "quoteQty": "345.62625000",
            "time": 1732292055079,
            "isBuyerMaker": true,
            "isBestMatch": true
        },
        {
            "id": 1102870,
            "price": "622.81000000",
            "qty": "0.00900000",
            "quoteQty": "5.60529000",
            "time": 1732292055237,
            "isBuyerMaker": false,
            "isBestMatch": true
        },
        {
            "id": 1102871,
            "price": "622.81000000",
            "qty": "0.48100000",
            "quoteQty": "299.57161000",
            "time": 1732292055527,
            "isBuyerMaker": false,
            "isBestMatch": true
        },
        {
            "id": 1102872,
            "price": "622.75000000",
            "qty": "0.46600000",
            "quoteQty": "290.20150000",
            "time": 1732292056444,
            "isBuyerMaker": true,
            "isBestMatch": true
        },
        {
            "id": 1102873,
            "price": "622.82000000",
            "qty": "0.54500000",
            "quoteQty": "339.43690000",
            "time": 1732292056531,
            "isBuyerMaker": false,
            "isBestMatch": true
        },
        {
            "id": 1102874,
            "price": "622.78000000",
            "qty": "0.42500000",
            "quoteQty": "264.68150000",
            "time": 1732292059523,
            "isBuyerMaker": false,
            "isBestMatch": true
        },
        {
            "id": 1102875,
            "price": "622.75000000",
            "qty": "0.53100000",
            "quoteQty": "330.68025000",
            "time": 1732292060228,
            "isBuyerMaker": true,
            "isBestMatch": true
        },
        {
            "id": 1102876,
            "price": "622.78000000",
            "qty": "0.31400000",
            "quoteQty": "195.55292000",
            "time": 1732292060528,
            "isBuyerMaker": false,
            "isBestMatch": true
        },
        {
            "id": 1102877,
            "price": "622.75000000",
            "qty": "0.78800000",
            "quoteQty": "490.72700000",
            "time": 1732292061365,
            "isBuyerMaker": true,
            "isBestMatch": true
        },
        {
            "id": 1102878,
            "price": "622.75000000",
            "qty": "0.80400000",
            "quoteQty": "500.69100000",
            "time": 1732292062707,
            "isBuyerMaker": true,
            "isBestMatch": true
        },
        {
            "id": 1102879,
            "price": "622.75000000",
            "qty": "0.50600000",
            "quoteQty": "315.11150000",
            "time": 1732292062716,
            "isBuyerMaker": true,
            "isBestMatch": true
        },
        {
            "id": 1102880,
            "price": "622.75000000",
            "qty": "0.49000000",
            "quoteQty": "305.14750000",
            "time": 1732292062728,
            "isBuyerMaker": true,
            "isBestMatch": true
        },
        {
            "id": 1102881,
            "price": "622.75000000",
            "qty": "0.77100000",
            "quoteQty": "480.14025000",
            "time": 1732292064418,
            "isBuyerMaker": true,
            "isBestMatch": true
        },
        {
            "id": 1102882,
            "price": "622.82000000",
            "qty": "0.00100000",
            "quoteQty": "0.62282000",
            "time": 1732292065190,
            "isBuyerMaker": false,
            "isBestMatch": true
        },
        {
            "id": 1102883,
            "price": "622.84000000",
            "qty": "0.00800000",
            "quoteQty": "4.98272000",
            "time": 1732292065190,
            "isBuyerMaker": false,
            "isBestMatch": true
        },
        {
            "id": 1102884,
            "price": "622.84000000",
            "qty": "0.72300000",
            "quoteQty": "450.31332000",
            "time": 1732292065524,
            "isBuyerMaker": false,
            "isBestMatch": true
        },
        {
            "id": 1102885,
            "price": "622.75000000",
            "qty": "0.47400000",
            "quoteQty": "295.18350000",
            "time": 1732292065630,
            "isBuyerMaker": true,
            "isBestMatch": true
        },
        {
            "id": 1102886,
            "price": "622.75000000",
            "qty": "0.62700000",
            "quoteQty": "390.46425000",
            "time": 1732292066483,
            "isBuyerMaker": true,
            "isBestMatch": true
        },
        {
            "id": 1102887,
            "price": "622.75000000",
            "qty": "0.60300000",
            "quoteQty": "375.51825000",
            "time": 1732292066503,
            "isBuyerMaker": true,
            "isBestMatch": true
        },
        {
            "id": 1102888,
            "price": "622.87000000",
            "qty": "0.61900000",
            "quoteQty": "385.55653000",
            "time": 1732292066531,
            "isBuyerMaker": false,
            "isBestMatch": true
        },
        {
            "id": 1102889,
            "price": "622.88000000",
            "qty": "0.05600000",
            "quoteQty": "34.88128000",
            "time": 1732292067525,
            "isBuyerMaker": false,
            "isBestMatch": true
        },
        {
            "id": 1102890,
            "price": "622.75000000",
            "qty": "0.77100000",
            "quoteQty": "480.14025000",
            "time": 1732292068248,
            "isBuyerMaker": true,
            "isBestMatch": true
        },
        {
            "id": 1102891,
            "price": "622.88000000",
            "qty": "0.40900000",
            "quoteQty": "254.75792000",
            "time": 1732292068525,
            "isBuyerMaker": false,
            "isBestMatch": true
        },
        {
            "id": 1102892,
            "price": "622.75000000",
            "qty": "0.63500000",
            "quoteQty": "395.44625000",
            "time": 1732292069442,
            "isBuyerMaker": true,
            "isBestMatch": true
        },
        {
            "id": 1102893,
            "price": "622.84000000",
            "qty": "0.44200000",
            "quoteQty": "275.29528000",
            "time": 1732292069525,
            "isBuyerMaker": false,
            "isBestMatch": true
        },
        {
            "id": 1102894,
            "price": "622.85000000",
            "qty": "0.44200000",
            "quoteQty": "275.29970000",
            "time": 1732292070524,
            "isBuyerMaker": false,
            "isBestMatch": true
        },
        {
            "id": 1102895,
            "price": "622.75000000",
            "qty": "0.53100000",
            "quoteQty": "330.68025000",
            "time": 1732292070843,
            "isBuyerMaker": true,
            "isBestMatch": true
        },
        {
            "id": 1102896,
            "price": "622.75000000",
            "qty": "0.69900000",
            "quoteQty": "435.30225000",
            "time": 1732292070849,
            "isBuyerMaker": true,
            "isBestMatch": true
        },
        {
            "id": 1102897,
            "price": "622.75000000",
            "qty": "0.58700000",
            "quoteQty": "365.55425000",
            "time": 1732292070859,
            "isBuyerMaker": true,
            "isBestMatch": true
        },
        {
            "id": 1102898,
            "price": "622.75000000",
            "qty": "0.62700000",
            "quoteQty": "390.46425000",
            "time": 1732292070871,
            "isBuyerMaker": true,
            "isBestMatch": true
        },
        {
            "id": 1102899,
            "price": "622.85000000",
            "qty": "0.04800000",
            "quoteQty": "29.89680000",
            "time": 1732292071527,
            "isBuyerMaker": false,
            "isBestMatch": true
        },
        {
            "id": 1102900,
            "price": "622.88000000",
            "qty": "0.22600000",
            "quoteQty": "140.77088000",
            "time": 1732292072526,
            "isBuyerMaker": false,
            "isBestMatch": true
        },
        {
            "id": 1102901,
            "price": "622.80000000",
            "qty": "0.29500000",
            "quoteQty": "183.72600000",
            "time": 1732292073529,
