{
    "data": [
        {
            "id": 2468989,
            "price": "98416.00000000",
            "qty": "0.00162000",
            "quoteQty": "159.43392000",
            "time": 1732292271457,
            "isBuyerMaker": false,
            "isBestMatch": true
        },
        {
            "id": 2468990,
            "price": "98416.02000000",
            "qty": "0.00286000",
            "quoteQty": "281.46981720",
            "time": 1732292271457,
            "isBuyerMaker": false,
            "isBestMatch": true
        },
        {
            "id": 2468991,
            "price": "98416.02000000",
            "qty": "0.00075000",
            "quoteQty": "73.81201500",
            "time": 1732292271475,
            "isBuyerMaker": false,
            "isBestMatch": true
        },
        {
            "id": 2468992,
            "price": "98416.04000000",
            "qty": "0.00337000",
            "quoteQty": "331.66205480",
            "time": 1732292271475,
            "isBuyerMaker": false,
            "isBestMatch": true
        },
        {
            "id": 2468993,
            "price": "98416.04000000",
            "qty": "0.00029000",
            "quoteQty": "28.54065160",
            "time": 1732292271495,
            "isBuyerMaker": false,
            "isBestMatch": true
        },
        {
            "id": 2468994,
            "price": "98416.10000000",
            "qty": "0.00337000",
            "quoteQty": "331.66225700",
            "time": 1732292271495,
            "isBuyerMaker": false,
            "isBestMatch": true
        },
        {
            "id": 2468995,
            "price": "98415.98000000",
            "qty": "0.00320000",
            "quoteQty": "314.93113600",
            "time": 1732292272529,
            "isBuyerMaker": true,
            "isBestMatch": true
        },
        {
            "id": 2468996,
            "price": "98415.98000000",
            "qty": "0.00012000",
            "quoteQty": "11.80991760",
            "time": 1732292272994,
            "isBuyerMaker": true,
            "isBestMatch": true
        },
        {
            "id": 2468997,
            "price": "98417.79000000",
            "qty": "0.00300000",
            "quoteQty": "295.25337000",
            "time": 1732292273446,
            "isBuyerMaker": false,
            "isBestMatch": true
        },
        {
            "id": 2468998,
            "price": "98420.04000000",
            "qty": "0.00101000",
            "quoteQty": "99.40424040",
            "time": 1732292273526,
            "isBuyerMaker": true,
            "isBestMatch": true
        },
        {
            "id": 2468999,
            "price": "98420.96000000",
            "qty": "0.00310000",
            "quoteQty": "305.10497600",
            "time": 1732292275530,
            "isBuyerMaker": true,
            "isBestMatch": true
        },
        {
            "id": 2469000,
            "price": "98420.04000000",
            "qty": "0.00001000",
            "quoteQty": "0.98420040",
            "time": 1732292280217,
            "isBuyerMaker": true,
            "isBestMatch": true
        },
        {
            "id": 2469001,
            "price": "98416.50000000",
            "qty": "0.00099000",
            "quoteQty": "97.43233500",
            "time": 1732292280217,
            "isBuyerMaker": true,
            "isBestMatch": true
        },
        {
            "id": 2469002,
            "price": "98421.20000000",
            "qty": "0.00100000",
            "quoteQty": "98.42120000",
            "time": 1732292280217,
            "isBuyerMaker": false,
            "isBestMatch": true
        },
        {
            "id": 2469003,
            "price": "98416.50000000",
            "qty": "0.00100000",
            "quoteQty": "98.41650000",
            "time": 1732292280239,
            "isBuyerMaker": true,
            "isBestMatch": true
        },
        {
            "id": 2469004,
            "price": "98421.20000000",
            "qty": "0.00100000",
            "quoteQty": "98.42120000",
            "time": 1732292280239,
            "isBuyerMaker": false,
            "isBestMatch": true
        },
        {
            "id": 2469005,
            "price": "98416.50000000",
            "qty": "0.00057000",
            "quoteQty": "56.09740500",
            "time": 1732292280526,
            "isBuyerMaker": true,
            "isBestMatch": true
        },
        {
            "id": 2469006,
            "price": "98416.01000000",
            "qty": "0.00396000",
            "quoteQty": "389.72739960",
            "time": 1732292284528,
            "isBuyerMaker": false,
            "isBestMatch": true
        },
        {
            "id": 2469007,
            "price": "98416.00000000",
            "qty": "0.00010000",
            "quoteQty": "9.84160000",
            "time": 1732292285412,
            "isBuyerMaker": true,
            "isBestMatch": true
        },
        {
            "id": 2469008,
            "price": "98416.01000000",
            "qty": "0.00102000",
            "quoteQty": "100.38433020",
            "time": 1732292293899,
            "isBuyerMaker": false,
            "isBestMatch": true
        },
        {
            "id": 2469009,
            "price": "98416.02000000",
            "qty": "0.00178000",
            "quoteQty": "175.18051560",
            "time": 1732292293899,
            "isBuyerMaker": false,
            "isBestMatch": true
        },
        {
            "id": 2469010,
            "price": "98421.43000000",
            "qty": "0.00371000",
            "quoteQty": "365.14350530",
            "time": 1732292295867,
            "isBuyerMaker": false,
            "isBestMatch": true
        },
        {
            "id": 2469011,
            "price": "98422.34000000",
            "qty": "0.00077000",
            "quoteQty": "75.78520180",
            "time": 1732292295867,
            "isBuyerMaker": false,
            "isBestMatch": true
        },
        {
            "id": 2469012,
            "price": "98422.34000000",
            "qty": "0.00336000",
            "quoteQty": "330.69906240",
            "time": 1732292295882,
            "isBuyerMaker": false,
            "isBestMatch": true
        },
        {
            "id": 2469013,
            "price": "98422.34000000",
            "qty": "0.00090000",
            "quoteQty": "88.58010600",
            "time": 1732292297873,
            "isBuyerMaker": false,
            "isBestMatch": true
        },
        {
            "id": 2469014,
            "price": "98422.42000000",
            "qty": "0.00322000",
            "quoteQty": "316.92019240",
            "time": 1732292297873,
            "isBuyerMaker": false,
            "isBestMatch": true
        },
        {
            "id": 2469015,
            "price": "98422.42000000",
            "qty": "0.00075000",
            "quoteQty": "73.81681500",
            "time": 1732292297890,
            "isBuyerMaker": false,
            "isBestMatch": true
        },
        {
            "id": 2469016,
            "price": "98429.40000000",
            "qty": "0.00327000",
            "quoteQty": "321.86413800",
            "time": 1732292297890,
            "isBuyerMaker": false,
            "isBestMatch": true
        },
        {
            "id": 2469017,
            "price": "98431.99000000",
            "qty": "0.00326000",
            "quoteQty": "320.88828740",
            "time": 1732292299514,
            "isBuyerMaker": false,
            "isBestMatch": true
        },
        {
            "id": 2469018,
            "price": "98432.00000000",
            "qty": "0.00172000",
            "quoteQty": "169.30304000",
            "time": 1732292299514,
            "isBuyerMaker": false,
            "isBestMatch": true
        },
        {
            "id": 2469019,
            "price": "98432.00000000",
            "qty": "0.00149000",
            "quoteQty": "146.66368000",
            "time": 1732292299530,
            "isBuyerMaker": false,
            "isBestMatch": true
        },
        {
            "id": 2469020,
            "price": "98433.70000000",
            "qty": "0.00341000",
            "quoteQty": "335.65891700",
            "time": 1732292301319,
            "isBuyerMaker": false,
            "isBestMatch": true
        },
        {
            "id": 2469021,
            "price": "98433.70000000",
            "qty": "0.00030000",
            "quoteQty": "29.53011000",
            "time": 1732292301337,
            "isBuyerMaker": false,
            "isBestMatch": true
        },
        {
            "id": 2469022,
            "price": "98433.74000000",
            "qty": "0.00290000",
            "quoteQty": "285.45784600",
            "time": 1732292301337,
            "isBuyerMaker": false,
            "isBestMatch": true
        },
        {
            "id": 2469023,
            "price": "98433.95000000",
            "qty": "0.00437000",
            "quoteQty": "430.15636150",
            "time": 1732292304564,
            "isBuyerMaker": false,
            "isBestMatch": true
        },
        {
            "id": 2469024,
            "price": "98433.95000000",
            "qty": "0.00315000",
            "quoteQty": "310.06694250",
            "time": 1732292304590,
            "isBuyerMaker": false,
            "isBestMatch": true
        },
        {
            "id": 2469025,
            "price": "98433.95000000",
            "qty": "0.00260000",
            "quoteQty": "255.92827000",
            "time": 1732292304603,
            "isBuyerMaker": false,
            "isBestMatch": true
        },
        {
            "id": 2469026,
            "price": "98438.44000000",
            "qty": "0.00336000",
            "quoteQty": "330.75315840",
            "time": 1732292306143,
            "isBuyerMaker": false,
            "isBestMatch": true
        },
        {
            "id": 2469027,
            "price": "98441.81000000",
            "qty": "0.00402000",
            "quoteQty": "395.73607620",
            "time": 1732292308435,
            "isBuyerMaker": false,
            "isBestMatch": true
        },
        {
            "id": 2469028,
            "price": "98441.81000000",
            "qty": "0.00219000",
            "quoteQty": "215.58756390",
            "time": 1732292310333,
            "isBuyerMaker": false,
            "isBestMatch": true
        },
        {
            "id": 2469029,
            "price": "98454.00000000",
            "qty": "0.00259000",
            "quoteQty": "254.99586000",
            "time": 1732292310333,
            "isBuyerMaker": false,
            "isBestMatch": true
        },
        {
            "id": 2469030,
            "price": "98454.00000000",
            "qty": "0.00178000",
            "quoteQty": "175.24812000",
            "time": 1732292310347,
            "isBuyerMaker": false,
            "isBestMatch": true
        },
        {
            "id": 2469031,
            "price": "98454.54000000",
            "qty": "0.00244000",
            "quoteQty": "240.22907760",
            "time": 1732292310347,
            "isBuyerMaker": false,
            "isBestMatch": true
        },
        {
            "id": 2469032,
            "price": "98458.99000000",
            "qty": "0.00442000",
            "quoteQty": "435.18873580",
            "time": 1732292312225,
            "isBuyerMaker": false,
            "isBestMatch": true
        },
        {
            "id": 2469033,
            "price": "98458.99000000",
            "qty": "0.00310000",
            "quoteQty": "305.22286900",
            "time": 1732292312244,
            "isBuyerMaker": false,
            "isBestMatch": true
        },
        {
            "id": 2469034,
            "price": "98458.99000000",
            "qty": "0.00310000",
            "quoteQty": "305.22286900",
            "time": 1732292312260,
            "isBuyerMaker": false,
            "isBestMatch": true
        },
        {
            "id": 2469035,
            "price": "98458.99000000",
            "qty": "0.00427000",
            "quoteQty": "420.41988730",
            "time": 1732292313477,
            "isBuyerMaker": false,
            "isBestMatch": true
        },
        {
            "id": 2469036,
            "price": "98458.99000000",
            "qty": "0.00285000",
            "quoteQty": "280.60812150",
            "time": 1732292313497,
            "isBuyerMaker": false,
            "isBestMatch": true
        },
        {
            "id": 2469037,
            "price": "98458.99000000",
            "qty": "0.00457000",
            "quoteQty": "449.95758430",
            "time": 1732292313515,
            "isBuyerMaker": false,
            "isBestMatch": true
        },
        {
            "id": 2469038,
            "price": "98458.99000000",
            "qty": "0.00285000",
            "quoteQty": "280.60812150",
            "time": 1732292315400,
            "isBuyerMaker": false,
            "isBestMatch": true
        },
        {
            "id": 2469039,
            "price": "98433.68000000",
            "qty": "0.00011000",
            "quoteQty": "10.82770480",
            "time": 1732292315530,
            "isBuyerMaker": true,
            "isBestMatch": true
        },
        {
            "id": 2469040,
            "price": "98458.99000000",
            "qty": "0.00493000",
            "quoteQty": "485.40282070",
            "time": 1732292317253,
            "isBuyerMaker": false,
            "isBestMatch": true
        },
        {
            "id": 2469041,
            "price": "98458.99000000",
            "qty": "0.00407000",
            "quoteQty": "400.72808930",
            "time": 1732292319048,
            "isBuyerMaker": false,
            "isBestMatch": true
        },
        {
            "id": 2469042,
            "price": "98458.99000000",
            "qty": "0.00320000",
            "quoteQty": "315.06876800",
            "time": 1732292320690,
            "isBuyerMaker": false,
            "isBestMatch": true
        },
        {
            "id": 2469043,
            "price": "98458.99000000",
            "qty": "0.00427000",
            "quoteQty": "420.41988730",
            "time": 1732292320706,
            "isBuyerMaker": false,
            "isBestMatch": true
        },
        {
            "id": 2469044,
            "price": "98458.99000000",
            "qty": "0.00493000",
            "quoteQty": "485.40282070",
            "time": 1732292320724,
            "isBuyerMaker": false,
            "isBestMatch": true
        },
        {
            "id": 2469045,
            "price": "98458.99000000",
            "qty": "0.00391000",
            "quoteQty": "384.97465090",
            "time": 1732292320740,
            "isBuyerMaker": false,
            "isBestMatch": true
        },
        {
            "id": 2469046,
            "price": "98458.99000000",
            "qty": "0.00371000",
            "quoteQty": "365.28285290",
            "time": 1732292322106,
            "isBuyerMaker": false,
            "isBestMatch": true
        },
        {
            "id": 2469047,
            "price": "98458.99000000",
            "qty": "0.00285000",
            "quoteQty": "280.60812150",
            "time": 1732292323833,
            "isBuyerMaker": false,
            "isBestMatch": true
        },
        {
            "id": 2469048,
            "price": "98458.99000000",
            "qty": "0.00498000",
            "quoteQty": "490.32577020",
            "time": 1732292323854,
            "isBuyerMaker": false,
            "isBestMatch": true
        },
        {
            "id": 2469049,
            "price": "98458.99000000",
            "qty": "0.00325000",
            "quoteQty": "319.99171750",
            "time": 1732292323873,
            "isBuyerMaker": false,
            "isBestMatch": true
        },
        {
            "id": 2469050,
            "price": "98458.99000000",
            "qty": "0.00259000",
            "quoteQty": "255.00878410",
            "time": 1732292323895,
            "isBuyerMaker": false,
            "isBestMatch": true
        },
        {
            "id": 2469051,
            "price": "98458.99000000",
            "qty": "0.00442000",
            "quoteQty": "435.18873580",
            "time": 1732292323906,
            "isBuyerMaker": false,
            "isBestMatch": true
        },
        {
            "id": 2469052,
            "price": "98458.99000000",
            "qty": "0.00422000",
            "quoteQty": "415.49693780",
            "time": 1732292323916,
            "isBuyerMaker": false,
            "isBestMatch": true
        },
        {
            "id": 2469053,
            "price": "98458.99000000",
            "qty": "0.00442000",
            "quoteQty": "435.18873580",
            "time": 1732292323929,
            "isBuyerMaker": false,
            "isBestMatch": true
        },
        {
            "id": 2469054,
            "price": "98458.99000000",
            "qty": "0.00300000",
            "quoteQty": "295.37697000",
            "time": 1732292323954,
            "isBuyerMaker": false,
            "isBestMatch": true
        },
        {
            "id": 2469055,
            "price": "98458.99000000",
            "qty": "0.00320000",
            "quoteQty": "315.06876800",
            "time": 1732292323968,
            "isBuyerMaker": false,
            "isBestMatch": true
        },
        {
            "id": 2469056,
            "price": "98516.89000000",
            "qty": "0.00422000",
            "quoteQty": "415.74127580",
            "time": 1732292325585,
            "isBuyerMaker": false,
            "isBestMatch": true
        },
        {
            "id": 2469057,
            "price": "98516.89000000",
            "qty": "0.00493000",
            "quoteQty": "485.68826770",
            "time": 1732292325602,
            "isBuyerMaker": false,
            "isBestMatch": true
        },
        {
            "id": 2469058,
            "price": "98516.89000000",
            "qty": "0.00254000",
            "quoteQty": "250.23290060",
            "time": 1732292328022,
            "isBuyerMaker": false,
            "isBestMatch": true
        },
        {
            "id": 2469059,
            "price": "98516.89000000",
            "qty": "0.00508000",
            "quoteQty": "500.46580120",
            "time": 1732292328037,
            "isBuyerMaker": false,
            "isBestMatch": true
        },
        {
            "id": 2469060,
            "price": "98516.89000000",
            "qty": "0.00160000",
            "quoteQty": "157.62702400",
            "time": 1732292328054,
            "isBuyerMaker": false,
            "isBestMatch": true
        },
        {
            "id": 2469061,
            "price": "98516.89000000",
            "qty": "0.00165000",
            "quoteQty": "162.55286850",
            "time": 1732292328054,
            "isBuyerMaker": false,
            "isBestMatch": true
        },
        {
            "id": 2469062,
            "price": "98516.89000000",
            "qty": "0.00285000",
            "quoteQty": "280.77313650",
            "time": 1732292328073,
            "isBuyerMaker": false,
            "isBestMatch": true
        },
        {
            "id": 2469063,
            "price": "98516.89000000",
            "qty": "0.00335000",
            "quoteQty": "330.03158150",
            "time": 1732292328089,
            "isBuyerMaker": false,
            "isBestMatch": true
        },
        {
            "id": 2469064,
            "price": "98516.89000000",
            "qty": "0.00396000",
            "quoteQty": "390.12688440",
            "time": 1732292328103,
            "isBuyerMaker": false,
            "isBestMatch": true
        },
        {
            "id": 2469065,
            "price": "98356.03000000",
            "qty": "0.00010000",
            "quoteQty": "9.83560300",
            "time": 1732292329985,
            "isBuyerMaker": true,
            "isBestMatch": true
        },
        {
            "id": 2469066,
            "price": "98516.89000000",
            "qty": "0.00396000",
            "quoteQty": "390.12688440",
            "time": 1732292330610,
            "isBuyerMaker": false,
            "isBestMatch": true
        },
        {
            "id": 2469067,
            "price": "98516.89000000",
            "qty": "0.00325000",
            "quoteQty": "320.17989250",
            "time": 1732292330615,
            "isBuyerMaker": false,
            "isBestMatch": true
        },
        {
            "id": 2469068,
            "price": "98516.89000000",
            "qty": "0.00427000",
            "quoteQty": "420.66712030",
            "time": 1732292330621,
            "isBuyerMaker": false,
            "isBestMatch": true
        },
        {
            "id": 2469069,
            "price": "98516.89000000",
            "qty": "0.00396000",
            "quoteQty": "390.12688440",
            "time": 1732292330633,
            "isBuyerMaker": false,
            "isBestMatch": true
        },
        {
            "id": 2469070,
            "price": "98516.89000000",
            "qty": "0.00386000",
            "quoteQty": "380.27519540",
            "time": 1732292332749,
            "isBuyerMaker": false,
            "isBestMatch": true
        },
        {
            "id": 2469071,
            "price": "98516.89000000",
            "qty": "0.00442000",
            "quoteQty": "435.44465380",
            "time": 1732292332764,
            "isBuyerMaker": false,
            "isBestMatch": true
        },
        {
            "id": 2469072,
            "price": "98516.89000000",
            "qty": "0.00457000",
            "quoteQty": "450.22218730",
            "time": 1732292332796,
            "isBuyerMaker": false,
            "isBestMatch": true
        },
        {
            "id": 2469073,
            "price": "98516.89000000",
            "qty": "0.00467000",
            "quoteQty": "460.07387630",
            "time": 1732292332816,
            "isBuyerMaker": false,
            "isBestMatch": true
        },
        {
            "id": 2469074,
            "price": "98516.89000000",
            "qty": "0.00305000",
            "quoteQty": "300.47651450",
            "time": 1732292332832,
            "isBuyerMaker": false,
            "isBestMatch": true
        },
        {
            "id": 2469075,
            "price": "98516.89000000",
            "qty": "0.00340000",
            "quoteQty": "334.95742600",
            "time": 1732292332848,
            "isBuyerMaker": false,
            "isBestMatch": true
        },
        {
            "id": 2469076,
            "price": "98516.89000000",
            "qty": "0.00320000",
            "quoteQty": "315.25404800",
            "time": 1732292332859,
            "isBuyerMaker": false,
            "isBestMatch": true
        },
        {
            "id": 2469077,
            "price": "98516.89000000",
            "qty": "0.00493000",
            "quoteQty": "485.68826770",
            "time": 1732292332888,
            "isBuyerMaker": false,
            "isBestMatch": true
        },
        {
            "id": 2469078,
            "price": "98516.89000000",
            "qty": "0.00254000",
            "quoteQty": "250.23290060",
            "time": 1732292332905,
            "isBuyerMaker": false,
            "isBestMatch": true
        },
        {
            "id": 2469079,
            "price": "98516.89000000",
            "qty": "0.00452000",
            "quoteQty": "445.29634280",
            "time": 1732292332926,
            "isBuyerMaker": false,
            "isBestMatch": true
        },
        {
            "id": 2469080,
            "price": "98516.89000000",
            "qty": "0.00406000",
            "quoteQty": "399.97857340",
            "time": 1732292332946,
            "isBuyerMaker": false,
            "isBestMatch": true
        },
        {
            "id": 2469081,
            "price": "98516.89000000",
            "qty": "0.00340000",
            "quoteQty": "334.95742600",
            "time": 1732292335259,
            "isBuyerMaker": false,
            "isBestMatch": true
        },
        {
            "id": 2469082,
            "price": "98516.89000000",
            "qty": "0.00310000",
            "quoteQty": "305.40235900",
            "time": 1732292335269,
            "isBuyerMaker": false,
            "isBestMatch": true
        },
        {
            "id": 2469083,
            "price": "98516.89000000",
            "qty": "0.00269000",
            "quoteQty": "265.01043410",
            "time": 1732292337091,
            "isBuyerMaker": false,
            "isBestMatch": true
        },
        {
            "id": 2469084,
            "price": "98516.89000000",
            "qty": "0.00325000",
            "quoteQty": "320.17989250",
            "time": 1732292337109,
            "isBuyerMaker": false,
            "isBestMatch": true
        },
        {
            "id": 2469085,
            "price": "98516.89000000",
            "qty": "0.00345000",
            "quoteQty": "339.88327050",
            "time": 1732292338949,
            "isBuyerMaker": false,
            "isBestMatch": true
        },
        {
            "id": 2469086,
            "price": "98516.89000000",
            "qty": "0.00482000",
            "quoteQty": "474.85140980",
            "time": 1732292338958,
            "isBuyerMaker": false,
            "isBestMatch": true
        },
        {
            "id": 2469087,
            "price": "98395.30000000",
            "qty": "0.00100000",
            "quoteQty": "98.39530000",
            "time": 1732292340209,
            "isBuyerMaker": true,
            "isBestMatch": true
        },
        {
            "id": 2469088,
            "price": "98516.89000000",
            "qty": "0.00100000",
            "quoteQty": "98.51689000",
            "time": 1732292340210,
            "isBuyerMaker": false,
            "isBestMatch": true
        },
        {
            "id": 2469089,
            "price": "98395.30000000",
            "qty": "0.00100000",
            "quoteQty": "98.39530000",
            "time": 1732292340219,
            "isBuyerMaker": true,
            "isBestMatch": true
        },
        {
            "id": 2469090,
            "price": "98516.89000000",
            "qty": "0.00100000",
            "quoteQty": "98.51689000",
            "time": 1732292340232,
            "isBuyerMaker": false,
            "isBestMatch": true
        },
        {
            "id": 2469091,
            "price": "98516.89000000",
            "qty": "0.00269000",
            "quoteQty": "265.01043410",
            "time": 1732292340828,
            "isBuyerMaker": false,
            "isBestMatch": true
        },
        {
            "id": 2469092,
            "price": "98516.89000000",
            "qty": "0.00290000",
            "quoteQty": "285.69898100",
            "time": 1732292340842,
            "isBuyerMaker": false,
            "isBestMatch": true
        },
        {
            "id": 2469093,
            "price": "98516.89000000",
            "qty": "0.00315000",
            "quoteQty": "310.32820350",
            "time": 1732292340849,
            "isBuyerMaker": false,
            "isBestMatch": true
        },
        {
            "id": 2469094,
            "price": "98516.89000000",
            "qty": "0.00129000",
            "quoteQty": "127.08678810",
            "time": 1732292340853,
            "isBuyerMaker": false,
            "isBestMatch": true
        },
        {
            "id": 2469095,
            "price": "98516.89000000",
            "qty": "0.00310000",
            "quoteQty": "305.40235900",
            "time": 1732292342873,
            "isBuyerMaker": false,
            "isBestMatch": true
        },
        {
            "id": 2469096,
            "price": "98516.89000000",
            "qty": "0.00396000",
            "quoteQty": "390.12688440",
            "time": 1732292342915,
            "isBuyerMaker": false,
            "isBestMatch": true
        },
        {
            "id": 2469097,
            "price": "98516.89000000",
            "qty": "0.00274000",
            "quoteQty": "269.93627860",
            "time": 1732292344422,
            "isBuyerMaker": false,
            "isBestMatch": true
        },
        {
            "id": 2469098,
            "price": "98516.89000000",
            "qty": "0.00427000",
            "quoteQty": "420.66712030",
            "time": 1732292344435,
            "isBuyerMaker": false,
            "isBestMatch": true
        },
        {
            "id": 2469099,
            "price": "98516.89000000",
            "qty": "0.00274000",
            "quoteQty": "269.93627860",
            "time": 1732292344442,
            "isBuyerMaker": false,
            "isBestMatch": true
        },
        {
            "id": 2469100,
            "price": "98516.89000000",
            "qty": "0.00280000",
            "quoteQty": "275.84729200",
            "time": 1732292346338,
            "isBuyerMaker": false,
            "isBestMatch": true
        },
        {
            "id": 2469101,
            "price": "98516.89000000",
            "qty": "0.00442000",
            "quoteQty": "435.44465380",
            "time": 1732292346347,
            "isBuyerMaker": false,
            "isBestMatch": true
        },
        {
            "id": 2469102,
            "price": "98516.89000000",
            "qty": "0.00462000",
            "quoteQty": "455.14803180",
            "time": 1732292346359,
            "isBuyerMaker": false,
            "isBestMatch": true
        },
        {
            "id": 2469103,
            "price": "98516.89000000",
            "qty": "0.00315000",
            "quoteQty": "310.32820350",
            "time": 1732292348558,
            "isBuyerMaker": false,
            "isBestMatch": true
        },
        {
            "id": 2469104,
            "price": "98516.89000000",
            "qty": "0.00295000",
            "quoteQty": "290.62482550",
            "time": 1732292348565,
            "isBuyerMaker": false,
            "isBestMatch": true
        },
        {
            "id": 2469105,
            "price": "98516.89000000",
            "qty": "0.00482000",
            "quoteQty": "474.85140980",
            "time": 1732292350400,
            "isBuyerMaker": false,
            "isBestMatch": true
        },
        {
            "id": 2469106,
            "price": "98516.89000000",
            "qty": "0.00371000",
            "quoteQty": "365.49766190",
            "time": 1732292350406,
            "isBuyerMaker": false,
            "isBestMatch": true
        },
        {
            "id": 2469107,
            "price": "98516.89000000",
            "qty": "0.00371000",
            "quoteQty": "365.49766190",
            "time": 1732292350413,
            "isBuyerMaker": false,
            "isBestMatch": true
        },
        {
            "id": 2469108,
            "price": "98516.89000000",
            "qty": "0.00340000",
            "quoteQty": "334.95742600",
            "time": 1732292352510,
            "isBuyerMaker": false,
            "isBestMatch": true
        },
        {
            "id": 2469109,
            "price": "98516.89000000",
            "qty": "0.00417000",
            "quoteQty": "410.81543130",
            "time": 1732292352515,
            "isBuyerMaker": false,
            "isBestMatch": true
        },
        {
            "id": 2469110,
            "price": "98516.89000000",
            "qty": "0.00452000",
            "quoteQty": "445.29634280",
            "time": 1732292352521,
            "isBuyerMaker": false,
            "isBestMatch": true
        },
        {
            "id": 2469111,
            "price": "98516.89000000",
            "qty": "0.00457000",
            "quoteQty": "450.22218730",
            "time": 1732292354153,
            "isBuyerMaker": false,
            "isBestMatch": true
        },
        {
            "id": 2469112,
            "price": "98516.89000000",
            "qty": "0.00315000",
            "quoteQty": "310.32820350",
            "time": 1732292355845,
            "isBuyerMaker": false,
            "isBestMatch": true
        },
        {
            "id": 2469113,
            "price": "98516.89000000",
            "qty": "0.00427000",
            "quoteQty": "420.66712030",
            "time": 1732292355850,
            "isBuyerMaker": false,
            "isBestMatch": true
        },
        {
            "id": 2469114,
            "price": "98516.89000000",
            "qty": "0.00417000",
            "quoteQty": "410.81543130",
            "time": 1732292355859,
            "isBuyerMaker": false,
            "isBestMatch": true
        },
        {
            "id": 2469115,
            "price": "98516.89000000",
            "qty": "0.00310000",
            "quoteQty": "305.40235900",
            "time": 1732292355866,
            "isBuyerMaker": false,
            "isBestMatch": true
        },
        {
            "id": 2469116,
            "price": "98516.89000000",
            "qty": "0.00264000",
            "quoteQty": "260.08458960",
            "time": 1732292355872,
            "isBuyerMaker": false,
            "isBestMatch": true
        },
        {
            "id": 2469117,
            "price": "98516.89000000",
            "qty": "0.00462000",
            "quoteQty": "455.14803180",
            "time": 1732292358250,
            "isBuyerMaker": false,
            "isBestMatch": true
        },
        {
            "id": 2469118,
            "price": "98516.89000000",
            "qty": "0.00275000",
            "quoteQty": "270.92144750",
            "time": 1732292358258,
            "isBuyerMaker": false,
            "isBestMatch": true
        },
        {
            "id": 2469119,
            "price": "98500.00000000",
            "qty": "0.00264000",
            "quoteQty": "260.04000000",
            "time": 1732292360535,
            "isBuyerMaker": true,
            "isBestMatch": true
        },
        {
            "id": 2469120,
            "price": "98499.51000000",
            "qty": "0.00199000",
            "quoteQty": "196.01402490",
            "time": 1732292361531,
            "isBuyerMaker": true,
            "isBestMatch": true
        },
        {
            "id": 2469121,
            "price": "98499.51000000",
            "qty": "0.00012000",
            "quoteQty": "11.81994120",
            "time": 1732292362405,
            "isBuyerMaker": true,
            "isBestMatch": true
        },
        {
            "id": 2469122,
            "price": "98499.98000000",
            "qty": "0.00482000",
            "quoteQty": "474.76990360",
            "time": 1732292362528,
            "isBuyerMaker": true,
            "isBestMatch": true
        },
        {
            "id": 2469123,
            "price": "98499.98000000",
            "qty": "0.00001000",
            "quoteQty": "0.98499980",
            "time": 1732292363978,
            "isBuyerMaker": true,
            "isBestMatch": true
        },
        {
            "id": 2469124,
            "price": "98499.51000000",
            "qty": "0.00011000",
            "quoteQty": "10.83494610",
            "time": 1732292363978,
            "isBuyerMaker": true,
            "isBestMatch": true
        },
        {
            "id": 2469125,
            "price": "98499.96000000",
            "qty": "0.00025000",
            "quoteQty": "24.62499000",
            "time": 1732292364529,
            "isBuyerMaker": true,
            "isBestMatch": true
        },
        {
            "id": 2469126,
            "price": "98499.96000000",
            "qty": "0.00152000",
            "quoteQty": "149.71993920",
            "time": 1732292365525,
            "isBuyerMaker": true,
            "isBestMatch": true
        },
        {
            "id": 2469127,
            "price": "98472.21000000",
            "qty": "0.00012000",
            "quoteQty": "11.81666520",
            "time": 1732292370462,
            "isBuyerMaker": true,
            "isBestMatch": true
        },
        {
            "id": 2469128,
            "price": "98472.21000000",
            "qty": "0.00012000",
            "quoteQty": "11.81666520",
            "time": 1732292372103,
            "isBuyerMaker": true,
            "isBestMatch": true
        },
        {
            "id": 2469129,
            "price": "98472.21000000",
            "qty": "0.00012000",
            "quoteQty": "11.81666520",
            "time": 1732292373075,
            "isBuyerMaker": true,
            "isBestMatch": true
        },
        {
            "id": 2469130,
            "price": "98472.21000000",
            "qty": "0.00249000",
            "quoteQty": "245.19580290",
            "time": 1732292374526,
            "isBuyerMaker": true,
            "isBestMatch": true
        },
        {
            "id": 2469131,
            "price": "98464.89000000",
            "qty": "0.00402000",
            "quoteQty": "395.82885780",
            "time": 1732292375185,
            "isBuyerMaker": true,
            "isBestMatch": true
        },
        {
            "id": 2469132,
            "price": "98464.89000000",
            "qty": "0.00010000",
            "quoteQty": "9.84648900",
            "time": 1732292375278,
            "isBuyerMaker": true,
            "isBestMatch": true
        },
        {
            "id": 2469133,
            "price": "98464.89000000",
            "qty": "0.00005000",
            "quoteQty": "4.92324450",
            "time": 1732292375646,
            "isBuyerMaker": true,
            "isBestMatch": true
        },
        {
            "id": 2469134,
            "price": "98461.07000000",
            "qty": "0.00008000",
            "quoteQty": "7.87688560",
            "time": 1732292375646,
            "isBuyerMaker": true,
            "isBestMatch": true
        },
        {
            "id": 2469135,
            "price": "98461.07000000",
            "qty": "0.00057000",
            "quoteQty": "56.12280990",
            "time": 1732292376530,
            "isBuyerMaker": true,
            "isBestMatch": true
        },
        {
            "id": 2469136,
            "price": "98461.07000000",
            "qty": "0.00367000",
            "quoteQty": "361.35212690",
            "time": 1732292377012,
            "isBuyerMaker": true,
            "isBestMatch": true
        },
        {
            "id": 2469137,
            "price": "98455.06000000",
            "qty": "0.00059000",
            "quoteQty": "58.08848540",
            "time": 1732292377528,
            "isBuyerMaker": true,
            "isBestMatch": true
        },
        {
            "id": 2469138,
            "price": "98444.00000000",
            "qty": "0.00275000",
            "quoteQty": "270.72100000",
            "time": 1732292380526,
            "isBuyerMaker": true,
            "isBestMatch": true
        },
        {
            "id": 2469139,
            "price": "98444.00000000",
            "qty": "0.00106000",
            "quoteQty": "104.35064000",
            "time": 1732292381530,
            "isBuyerMaker": true,
            "isBestMatch": true
        },
        {
            "id": 2469140,
            "price": "98400.01000000",
            "qty": "0.00203000",
            "quoteQty": "199.75202030",
            "time": 1732292389340,
            "isBuyerMaker": false,
            "isBestMatch": true
        },
        {
            "id": 2469141,
            "price": "98400.00000000",
            "qty": "0.00453000",
            "quoteQty": "445.75200000",
            "time": 1732292391261,
            "isBuyerMaker": true,
            "isBestMatch": true
        },
        {
            "id": 2469142,
            "price": "98400.00000000",
            "qty": "0.00412000",
            "quoteQty": "405.40800000",
            "time": 1732292391271,
            "isBuyerMaker": true,
            "isBestMatch": true
        },
        {
            "id": 2469143,
            "price": "98400.00000000",
            "qty": "0.00290000",
            "quoteQty": "285.36000000",
            "time": 1732292391284,
            "isBuyerMaker": true,
            "isBestMatch": true
        },
        {
            "id": 2469144,
            "price": "98400.00000000",
            "qty": "0.00478000",
            "quoteQty": "470.35200000",
            "time": 1732292392859,
            "isBuyerMaker": true,
            "isBestMatch": true
        },
        {
            "id": 2469145,
            "price": "98400.00000000",
            "qty": "0.00473000",
            "quoteQty": "465.43200000",
            "time": 1732292394544,
            "isBuyerMaker": true,
            "isBestMatch": true
        },
        {
            "id": 2469146,
            "price": "98400.00000000",
            "qty": "0.00392000",
            "quoteQty": "385.72800000",
            "time": 1732292394552,
            "isBuyerMaker": true,
            "isBestMatch": true
        },
        {
            "id": 2469147,
            "price": "98400.00000000",
            "qty": "0.00316000",
            "quoteQty": "310.94400000",
            "time": 1732292394569,
            "isBuyerMaker": true,
            "isBestMatch": true
        },
        {
            "id": 2469148,
            "price": "98400.01000000",
            "qty": "0.00301000",
            "quoteQty": "296.18403010",
            "time": 1732292396737,
            "isBuyerMaker": false,
            "isBestMatch": true
        },
        {
            "id": 2469149,
            "price": "98401.31000000",
            "qty": "0.00035000",
            "quoteQty": "34.44045850",
            "time": 1732292396737,
            "isBuyerMaker": false,
            "isBestMatch": true
        },
        {
            "id": 2469150,
            "price": "98401.31000000",
            "qty": "0.00357000",
            "quoteQty": "351.29267670",
            "time": 1732292398294,
            "isBuyerMaker": false,
            "isBestMatch": true
        },
        {
            "id": 2469151,
            "price": "98404.01000000",
            "qty": "0.00100000",
            "quoteQty": "98.40401000",
            "time": 1732292400226,
            "isBuyerMaker": false,
            "isBestMatch": true
        },
        {
            "id": 2469152,
            "price": "98403.99000000",
            "qty": "0.00100000",
            "quoteQty": "98.40399000",
            "time": 1732292400226,
            "isBuyerMaker": true,
            "isBestMatch": true
        },
        {
            "id": 2469153,
            "price": "98403.99000000",
            "qty": "0.00001000",
            "quoteQty": "0.98403990",
            "time": 1732292400234,
            "isBuyerMaker": true,
            "isBestMatch": true
        },
        {
            "id": 2469154,
            "price": "98403.98000000",
            "qty": "0.00099000",
            "quoteQty": "97.41994020",
            "time": 1732292400234,
            "isBuyerMaker": true,
            "isBestMatch": true
        },
        {
            "id": 2469155,
            "price": "98404.01000000",
            "qty": "0.00100000",
            "quoteQty": "98.40401000",
            "time": 1732292400242,
            "isBuyerMaker": false,
            "isBestMatch": true
        },
        {
            "id": 2469156,
            "price": "98396.40000000",
            "qty": "0.00285000",
            "quoteQty": "280.42974000",
            "time": 1732292402597,
            "isBuyerMaker": true,
            "isBestMatch": true
        },
        {
            "id": 2469157,
            "price": "98396.40000000",
            "qty": "0.00443000",
            "quoteQty": "435.89605200",
            "time": 1732292402622,
            "isBuyerMaker": true,
            "isBestMatch": true
        },
        {
            "id": 2469158,
            "price": "98396.41000000",
            "qty": "0.00023000",
            "quoteQty": "22.63117430",
            "time": 1732292403530,
            "isBuyerMaker": false,
            "isBestMatch": true
        },
        {
            "id": 2469159,
            "price": "98396.40000000",
            "qty": "0.00488000",
            "quoteQty": "480.17443200",
            "time": 1732292404043,
            "isBuyerMaker": true,
            "isBestMatch": true
        },
        {
            "id": 2469160,
            "price": "98396.40000000",
            "qty": "0.00377000",
            "quoteQty": "370.95442800",
            "time": 1732292404056,
            "isBuyerMaker": true,
            "isBestMatch": true
        },
        {
            "id": 2469161,
            "price": "98396.41000000",
            "qty": "0.00027000",
            "quoteQty": "26.56703070",
            "time": 1732292405530,
            "isBuyerMaker": false,
            "isBestMatch": true
        },
        {
            "id": 2469162,
            "price": "98396.40000000",
            "qty": "0.00326000",
            "quoteQty": "320.77226400",
            "time": 1732292405585,
            "isBuyerMaker": true,
            "isBestMatch": true
        },
        {
            "id": 2469163,
            "price": "98396.40000000",
            "qty": "0.00305000",
            "quoteQty": "300.10902000",
            "time": 1732292405605,
            "isBuyerMaker": true,
            "isBestMatch": true
        },
        {
            "id": 2469164,
            "price": "98396.40000000",
            "qty": "0.00260000",
            "quoteQty": "255.83064000",
            "time": 1732292407094,
            "isBuyerMaker": true,
            "isBestMatch": true
        },
        {
            "id": 2469165,
            "price": "98396.40000000",
            "qty": "0.00326000",
            "quoteQty": "320.77226400",
            "time": 1732292407105,
            "isBuyerMaker": true,
            "isBestMatch": true
        },
        {
            "id": 2469166,
            "price": "98396.41000000",
            "qty": "0.00100000",
            "quoteQty": "98.39641000",
            "time": 1732292407105,
            "isBuyerMaker": false,
            "isBestMatch": true
        },
        {
            "id": 2469167,
            "price": "98396.40000000",
            "qty": "0.00458000",
            "quoteQty": "450.65551200",
            "time": 1732292408375,
            "isBuyerMaker": true,
            "isBestMatch": true
        },
        {
            "id": 2469168,
            "price": "98396.40000000",
            "qty": "0.00361000",
            "quoteQty": "355.21100400",
            "time": 1732292408394,
            "isBuyerMaker": true,
            "isBestMatch": true
        },
        {
            "id": 2469169,
            "price": "98396.40000000",
            "qty": "0.00483000",
            "quoteQty": "475.25461200",
            "time": 1732292408438,
            "isBuyerMaker": true,
            "isBestMatch": true
        },
        {
            "id": 2469170,
            "price": "98396.40000000",
            "qty": "0.00407000",
            "quoteQty": "400.47334800",
            "time": 1732292409617,
            "isBuyerMaker": true,
            "isBestMatch": true
        },
        {
            "id": 2469171,
            "price": "98396.40000000",
            "qty": "0.00305000",
            "quoteQty": "300.10902000",
            "time": 1732292409647,
            "isBuyerMaker": true,
            "isBestMatch": true
        },
        {
            "id": 2469172,
            "price": "98396.40000000",
            "qty": "0.00331000",
            "quoteQty": "325.69208400",
            "time": 1732292409660,
            "isBuyerMaker": true,
            "isBestMatch": true
        },
        {
            "id": 2469173,
            "price": "98396.40000000",
            "qty": "0.00331000",
            "quoteQty": "325.69208400",
            "time": 1732292409682,
            "isBuyerMaker": true,
            "isBestMatch": true
        },
        {
            "id": 2469174,
            "price": "98396.40000000",
            "qty": "0.00509000",
            "quoteQty": "500.83767600",
            "time": 1732292411595,
            "isBuyerMaker": true,
            "isBestMatch": true
        },
        {
            "id": 2469175,
            "price": "98396.40000000",
            "qty": "0.00448000",
            "quoteQty": "440.81587200",
            "time": 1732292411614,
            "isBuyerMaker": true,
            "isBestMatch": true
        },
        {
            "id": 2469176,
            "price": "98396.40000000",
            "qty": "0.00407000",
            "quoteQty": "400.47334800",
            "time": 1732292413141,
            "isBuyerMaker": true,
            "isBestMatch": true
        },
        {
            "id": 2469177,
            "price": "98396.40000000",
            "qty": "0.00361000",
            "quoteQty": "355.21100400",
            "time": 1732292415339,
            "isBuyerMaker": true,
            "isBestMatch": true
        },
        {
            "id": 2469178,
            "price": "98396.40000000",
            "qty": "0.00316000",
            "quoteQty": "310.93262400",
            "time": 1732292415363,
            "isBuyerMaker": true,
            "isBestMatch": true
        },
        {
            "id": 2469179,
            "price": "98396.40000000",
            "qty": "0.00316000",
            "quoteQty": "310.93262400",
            "time": 1732292415371,
            "isBuyerMaker": true,
            "isBestMatch": true
        },
        {
            "id": 2469180,
            "price": "98396.40000000",
            "qty": "0.00321000",
            "quoteQty": "315.85244400",
            "time": 1732292415379,
            "isBuyerMaker": true,
            "isBestMatch": true
        },
        {
            "id": 2469181,
            "price": "98396.40000000",
            "qty": "0.00468000",
            "quoteQty": "460.49515200",
            "time": 1732292415392,
            "isBuyerMaker": true,
            "isBestMatch": true
        },
        {
            "id": 2469182,
            "price": "98396.40000000",
            "qty": "0.00255000",
            "quoteQty": "250.91082000",
            "time": 1732292415414,
            "isBuyerMaker": true,
            "isBestMatch": true
        },
        {
            "id": 2469183,
            "price": "98396.40000000",
            "qty": "0.00387000",
            "quoteQty": "380.79406800",
            "time": 1732292417260,
            "isBuyerMaker": true,
            "isBestMatch": true
        },
        {
            "id": 2469184,
            "price": "98396.40000000",
            "qty": "0.00311000",
            "quoteQty": "306.01280400",
            "time": 1732292419116,
            "isBuyerMaker": true,
            "isBestMatch": true
        },
        {
            "id": 2469185,
            "price": "98396.40000000",
            "qty": "0.00371000",
            "quoteQty": "365.05064400",
            "time": 1732292419123,
            "isBuyerMaker": true,
            "isBestMatch": true
        },
        {
            "id": 2469186,
            "price": "98396.40000000",
            "qty": "0.00295000",
            "quoteQty": "290.26938000",
            "time": 1732292419130,
            "isBuyerMaker": true,
            "isBestMatch": true
        },
        {
            "id": 2469187,
            "price": "98396.40000000",
            "qty": "0.00463000",
            "quoteQty": "455.57533200",
            "time": 1732292419140,
            "isBuyerMaker": true,
            "isBestMatch": true
        },
        {
            "id": 2469188,
            "price": "98396.40000000",
            "qty": "0.00100000",
            "quoteQty": "98.39640000",
            "time": 1732292419625,
            "isBuyerMaker": true,
            "isBestMatch": true
        },
        {
            "id": 2469189,
            "price": "98396.40000000",
            "qty": "0.00483000",
            "quoteQty": "475.25461200",
            "time": 1732292420587,
            "isBuyerMaker": true,
            "isBestMatch": true
        },
        {
            "id": 2469190,
            "price": "98396.40000000",
            "qty": "0.00493000",
            "quoteQty": "485.09425200",
            "time": 1732292420594,
            "isBuyerMaker": true,
            "isBestMatch": true
        },
        {
            "id": 2469191,
            "price": "98396.40000000",
            "qty": "0.00356000",
            "quoteQty": "350.29118400",
            "time": 1732292420613,
            "isBuyerMaker": true,
            "isBestMatch": true
        },
        {
            "id": 2469192,
            "price": "98396.40000000",
            "qty": "0.00353000",
            "quoteQty": "347.33929200",
            "time": 1732292421526,
            "isBuyerMaker": true,
            "isBestMatch": true
        },
        {
            "id": 2469193,
            "price": "98396.40000000",
            "qty": "0.00433000",
            "quoteQty": "426.05641200",
            "time": 1732292421832,
            "isBuyerMaker": true,
            "isBestMatch": true
        },
        {
            "id": 2469194,
            "price": "98396.40000000",
            "qty": "0.00473000",
            "quoteQty": "465.41497200",
            "time": 1732292421841,
            "isBuyerMaker": true,
            "isBestMatch": true
        },
        {
            "id": 2469195,
            "price": "98396.40000000",
            "qty": "0.00483000",
            "quoteQty": "475.25461200",
            "time": 1732292421850,
            "isBuyerMaker": true,
            "isBestMatch": true
        },
        {
            "id": 2469196,
            "price": "98396.40000000",
            "qty": "0.00433000",
            "quoteQty": "426.05641200",
            "time": 1732292421873,
            "isBuyerMaker": true,
            "isBestMatch": true
        },
        {
            "id": 2469197,
            "price": "98396.40000000",
            "qty": "0.00468000",
            "quoteQty": "460.49515200",
            "time": 1732292423328,
            "isBuyerMaker": true,
            "isBestMatch": true
        },
        {
            "id": 2469198,
            "price": "98396.40000000",
            "qty": "0.00100000",
            "quoteQty": "98.39640000",
            "time": 1732292424203,
            "isBuyerMaker": true,
            "isBestMatch": true
        },
        {
            "id": 2469199,
            "price": "98396.40000000",
            "qty": "0.00290000",
            "quoteQty": "285.34956000",
            "time": 1732292425002,
            "isBuyerMaker": true,
            "isBestMatch": true
        },
        {
            "id": 2469200,
            "price": "98396.40000000",
            "qty": "0.00311000",
            "quoteQty": "306.01280400",
            "time": 1732292426329,
            "isBuyerMaker": true,
            "isBestMatch": true
        },
        {
            "id": 2469201,
            "price": "98396.40000000",
            "qty": "0.00397000",
            "quoteQty": "390.63370800",
            "time": 1732292427721,
            "isBuyerMaker": true,
            "isBestMatch": true
        },
        {
            "id": 2469202,
            "price": "98396.40000000",
            "qty": "0.00387000",
            "quoteQty": "380.79406800",
            "time": 1732292427737,
            "isBuyerMaker": true,
            "isBestMatch": true
        },
        {
            "id": 2469203,
            "price": "98396.40000000",
            "qty": "0.00331000",
            "quoteQty": "325.69208400",
            "time": 1732292427760,
            "isBuyerMaker": true,
            "isBestMatch": true
        },
        {
            "id": 2469204,
            "price": "98396.40000000",
            "qty": "0.00100000",
            "quoteQty": "98.39640000",
            "time": 1732292429205,
            "isBuyerMaker": true,
            "isBestMatch": true
        },
        {
            "id": 2469205,
            "price": "98396.40000000",
            "qty": "0.00489000",
            "quoteQty": "481.15839600",
            "time": 1732292429267,
            "isBuyerMaker": true,
            "isBestMatch": true
        },
        {
            "id": 2469206,
            "price": "98396.40000000",
            "qty": "0.00499000",
            "quoteQty": "490.99803600",
            "time": 1732292431103,
            "isBuyerMaker": true,
            "isBestMatch": true
        },
        {
            "id": 2469207,
            "price": "98396.40000000",
            "qty": "0.00463000",
            "quoteQty": "455.57533200",
            "time": 1732292431118,
            "isBuyerMaker": true,
            "isBestMatch": true
        },
        {
            "id": 2469208,
            "price": "98396.40000000",
            "qty": "0.00270000",
            "quoteQty": "265.67028000",
            "time": 1732292432368,
            "isBuyerMaker": true,
            "isBestMatch": true
        },
        {
            "id": 2469209,
            "price": "98396.40000000",
            "qty": "0.00351000",
            "quoteQty": "345.37136400",
            "time": 1732292433540,
            "isBuyerMaker": true,
            "isBestMatch": true
        },
        {
            "id": 2469210,
            "price": "98396.40000000",
            "qty": "0.00448000",
            "quoteQty": "440.81587200",
            "time": 1732292433554,
            "isBuyerMaker": true,
            "isBestMatch": true
        },
        {
            "id": 2469211,
            "price": "98396.40000000",
            "qty": "0.00316000",
            "quoteQty": "310.93262400",
            "time": 1732292433564,
            "isBuyerMaker": true,
            "isBestMatch": true
        },
        {
            "id": 2469212,
            "price": "98396.40000000",
            "qty": "0.00483000",
            "quoteQty": "475.25461200",
            "time": 1732292433579,
            "isBuyerMaker": true,
            "isBestMatch": true
        },
        {
            "id": 2469213,
            "price": "98396.40000000",
            "qty": "0.00290000",
            "quoteQty": "285.34956000",
            "time": 1732292433600,
            "isBuyerMaker": true,
            "isBestMatch": true
        },
        {
            "id": 2469214,
            "price": "98396.40000000",
            "qty": "0.00100000",
            "quoteQty": "98.39640000",
            "time": 1732292434618,
            "isBuyerMaker": true,
            "isBestMatch": true
        },
        {
            "id": 2469215,
            "price": "98396.40000000",
            "qty": "0.00463000",
            "quoteQty": "455.57533200",
            "time": 1732292434944,
            "isBuyerMaker": true,
            "isBestMatch": true
        },
        {
            "id": 2469216,
            "price": "98396.40000000",
            "qty": "0.00321000",
            "quoteQty": "315.85244400",
            "time": 1732292434960,
            "isBuyerMaker": true,
            "isBestMatch": true
        },
        {
            "id": 2469217,
            "price": "98396.39000000",
            "qty": "0.00280000",
            "quoteQty": "275.50989200",
            "time": 1732292436740,
            "isBuyerMaker": true,
            "isBestMatch": true
        },
        {
            "id": 2469218,
            "price": "98396.39000000",
            "qty": "0.00163000",
            "quoteQty": "160.38611570",
            "time": 1732292436755,
            "isBuyerMaker": true,
            "isBestMatch": true
        },
        {
            "id": 2469219,
            "price": "98395.96000000",
            "qty": "0.00285000",
            "quoteQty": "280.42848600",
            "time": 1732292436755,
            "isBuyerMaker": true,
            "isBestMatch": true
        },
        {
            "id": 2469220,
            "price": "98395.96000000",
            "qty": "0.00051000",
            "quoteQty": "50.18193960",
            "time": 1732292438132,
            "isBuyerMaker": true,
            "isBestMatch": true
        },
        {
            "id": 2469221,
            "price": "98395.50000000",
            "qty": "0.00305000",
            "quoteQty": "300.10627500",
            "time": 1732292438132,
            "isBuyerMaker": true,
            "isBestMatch": true
        },
        {
            "id": 2469222,
            "price": "98395.50000000",
            "qty": "0.00021000",
            "quoteQty": "20.66305500",
            "time": 1732292438160,
            "isBuyerMaker": true,
            "isBestMatch": true
        },
        {
            "id": 2469223,
            "price": "98378.98000000",
            "qty": "0.00422000",
            "quoteQty": "415.15929560",
            "time": 1732292438160,
            "isBuyerMaker": true,
            "isBestMatch": true
        },
        {
            "id": 2469224,
            "price": "98371.34000000",
            "qty": "0.00066000",
            "quoteQty": "64.92508440",
            "time": 1732292438160,
            "isBuyerMaker": true,
            "isBestMatch": true
        },
        {
            "id": 2469225,
            "price": "98371.34000000",
            "qty": "0.00468000",
            "quoteQty": "460.37787120",
            "time": 1732292438203,
            "isBuyerMaker": true,
            "isBestMatch": true
        },
        {
            "id": 2469226,
            "price": "98371.34000000",
            "qty": "0.00397000",
            "quoteQty": "390.53421980",
            "time": 1732292438236,
            "isBuyerMaker": true,
            "isBestMatch": true
        },
        {
            "id": 2469227,
            "price": "98371.34000000",
            "qty": "0.00100000",
            "quoteQty": "98.37134000",
            "time": 1732292439628,
            "isBuyerMaker": true,
            "isBestMatch": true
        },
        {
            "id": 2469228,
            "price": "98371.34000000",
            "qty": "0.00448000",
            "quoteQty": "440.70360320",
            "time": 1732292439858,
            "isBuyerMaker": true,
            "isBestMatch": true
        },
        {
            "id": 2469229,
            "price": "98371.34000000",
            "qty": "0.00361000",
            "quoteQty": "355.12053740",
            "time": 1732292439871,
            "isBuyerMaker": true,
            "isBestMatch": true
        },
        {
            "id": 2469230,
            "price": "98371.34000000",
            "qty": "0.00478000",
            "quoteQty": "470.21500520",
            "time": 1732292439894,
            "isBuyerMaker": true,
            "isBestMatch": true
        },
        {
            "id": 2469231,
            "price": "98371.34000000",
            "qty": "0.00260000",
            "quoteQty": "255.76548400",
            "time": 1732292439911,
            "isBuyerMaker": true,
            "isBestMatch": true
        },
        {
            "id": 2469232,
            "price": "98371.34000000",
            "qty": "0.00351000",
            "quoteQty": "345.28340340",
            "time": 1732292439928,
            "isBuyerMaker": true,
            "isBestMatch": true
        },
        {
            "id": 2469233,
            "price": "98371.34000000",
            "qty": "0.00346000",
            "quoteQty": "340.36483640",
            "time": 1732292439944,
            "isBuyerMaker": true,
            "isBestMatch": true
        },
        {
            "id": 2469234,
            "price": "98371.34000000",
            "qty": "0.00509000",
            "quoteQty": "500.71012060",
            "time": 1732292439956,
            "isBuyerMaker": true,
            "isBestMatch": true
        },
        {
            "id": 2469235,
            "price": "98371.34000000",
            "qty": "0.00448000",
            "quoteQty": "440.70360320",
            "time": 1732292441354,
            "isBuyerMaker": true,
            "isBestMatch": true
        },
        {
            "id": 2469236,
            "price": "98371.34000000",
            "qty": "0.00494000",
            "quoteQty": "485.95441960",
            "time": 1732292441375,
            "isBuyerMaker": true,
            "isBestMatch": true
        },
        {
            "id": 2469237,
            "price": "98371.34000000",
            "qty": "0.00336000",
            "quoteQty": "330.52770240",
            "time": 1732292442692,
            "isBuyerMaker": true,
            "isBestMatch": true
        },
        {
            "id": 2469238,
            "price": "98371.34000000",
            "qty": "0.00468000",
            "quoteQty": "460.37787120",
            "time": 1732292442710,
            "isBuyerMaker": true,
            "isBestMatch": true
        },
        {
            "id": 2469239,
            "price": "98371.34000000",
            "qty": "0.00499000",
            "quoteQty": "490.87298660",
            "time": 1732292442725,
            "isBuyerMaker": true,
            "isBestMatch": true
        },
        {
            "id": 2469240,
            "price": "98371.34000000",
            "qty": "0.00100000",
            "quoteQty": "98.37134000",
            "time": 1732292444193,
            "isBuyerMaker": true,
            "isBestMatch": true
        },
        {
            "id": 2469241,
            "price": "98371.34000000",
            "qty": "0.00356000",
            "quoteQty": "350.20197040",
            "time": 1732292444478,
            "isBuyerMaker": true,
            "isBestMatch": true
        },
        {
            "id": 2469242,
            "price": "98371.34000000",
            "qty": "0.00382000",
            "quoteQty": "375.77851880",
            "time": 1732292446103,
            "isBuyerMaker": true,
            "isBestMatch": true
        },
        {
            "id": 2469243,
            "price": "98371.34000000",
            "qty": "0.00463000",
            "quoteQty": "455.45930420",
            "time": 1732292447014,
            "isBuyerMaker": true,
            "isBestMatch": true
        },
        {
            "id": 2469244,
            "price": "98371.34000000",
            "qty": "0.00331000",
            "quoteQty": "325.60913540",
            "time": 1732292448262,
            "isBuyerMaker": true,
            "isBestMatch": true
        },
        {
            "id": 2469245,
            "price": "98371.34000000",
            "qty": "0.00326000",
            "quoteQty": "320.69056840",
            "time": 1732292448277,
            "isBuyerMaker": true,
            "isBestMatch": true
        },
        {
            "id": 2469246,
            "price": "98371.34000000",
            "qty": "0.00290000",
            "quoteQty": "285.27688600",
            "time": 1732292448286,
            "isBuyerMaker": true,
            "isBestMatch": true
        },
        {
            "id": 2469247,
            "price": "98371.34000000",
            "qty": "0.00438000",
            "quoteQty": "430.86646920",
            "time": 1732292448291,
            "isBuyerMaker": true,
            "isBestMatch": true
        },
        {
            "id": 2469248,
            "price": "98371.34000000",
            "qty": "0.00478000",
            "quoteQty": "470.21500520",
            "time": 1732292449862,
            "isBuyerMaker": true,
            "isBestMatch": true
        },
        {
            "id": 2469249,
            "price": "98371.34000000",
            "qty": "0.00509000",
            "quoteQty": "500.71012060",
            "time": 1732292449877,
            "isBuyerMaker": true,
            "isBestMatch": true
        },
        {
            "id": 2469250,
            "price": "98444.60000000",
            "qty": "0.00012000",
            "quoteQty": "11.81335200",
            "time": 1732292449964,
            "isBuyerMaker": false,
            "isBestMatch": true
        },
        {
            "id": 2469251,
            "price": "98444.70000000",
            "qty": "0.00506000",
            "quoteQty": "498.13018200",
            "time": 1732292449964,
            "isBuyerMaker": false,
            "isBestMatch": true
        },
        {
            "id": 2469252,
            "price": "98371.34000000",
            "qty": "0.00387000",
            "quoteQty": "380.69708580",
            "time": 1732292450970,
            "isBuyerMaker": true,
            "isBestMatch": true
        },
        {
            "id": 2469253,
            "price": "98371.34000000",
            "qty": "0.00499000",
            "quoteQty": "490.87298660",
            "time": 1732292450997,
            "isBuyerMaker": true,
            "isBestMatch": true
        },
        {
            "id": 2469254,
            "price": "98371.34000000",
            "qty": "0.00306000",
            "quoteQty": "301.01630040",
            "time": 1732292451009,
            "isBuyerMaker": true,
            "isBestMatch": true
        },
        {
            "id": 2469255,
            "price": "98371.34000000",
            "qty": "0.00265000",
            "quoteQty": "260.68405100",
            "time": 1732292452007,
            "isBuyerMaker": true,
            "isBestMatch": true
        },
        {
            "id": 2469256,
            "price": "98371.34000000",
            "qty": "0.00295000",
            "quoteQty": "290.19545300",
            "time": 1732292452020,
            "isBuyerMaker": true,
            "isBestMatch": true
        },
        {
            "id": 2469257,
            "price": "98371.34000000",
            "qty": "0.00463000",
            "quoteQty": "455.45930420",
            "time": 1732292453346,
            "isBuyerMaker": true,
            "isBestMatch": true
        },
        {
            "id": 2469258,
            "price": "98371.34000000",
            "qty": "0.00326000",
            "quoteQty": "320.69056840",
            "time": 1732292454583,
            "isBuyerMaker": true,
            "isBestMatch": true
        },
        {
            "id": 2469259,
            "price": "98371.34000000",
            "qty": "0.00351000",
            "quoteQty": "345.28340340",
            "time": 1732292454601,
            "isBuyerMaker": true,
            "isBestMatch": true
        },
        {
            "id": 2469260,
            "price": "98371.34000000",
            "qty": "0.00336000",
            "quoteQty": "330.52770240",
            "time": 1732292455888,
            "isBuyerMaker": true,
            "isBestMatch": true
        },
        {
            "id": 2469261,
            "price": "98371.34000000",
            "qty": "0.00265000",
            "quoteQty": "260.68405100",
            "time": 1732292455908,
            "isBuyerMaker": true,
            "isBestMatch": true
        },
        {
            "id": 2469262,
            "price": "98371.34000000",
            "qty": "0.00367000",
            "quoteQty": "361.02281780",
            "time": 1732292455930,
            "isBuyerMaker": true,
            "isBestMatch": true
        },
        {
            "id": 2469263,
            "price": "98371.34000000",
            "qty": "0.00331000",
            "quoteQty": "325.60913540",
            "time": 1732292457658,
            "isBuyerMaker": true,
            "isBestMatch": true
        },
        {
            "id": 2469264,
            "price": "98371.34000000",
            "qty": "0.00321000",
            "quoteQty": "315.77200140",
            "time": 1732292457677,
            "isBuyerMaker": true,
            "isBestMatch": true
        },
        {
            "id": 2469265,
            "price": "98371.34000000",
            "qty": "0.00412000",
            "quoteQty": "405.28992080",
            "time": 1732292457697,
            "isBuyerMaker": true,
            "isBestMatch": true
        },
        {
            "id": 2469266,
            "price": "98371.34000000",
            "qty": "0.00301000",
            "quoteQty": "296.09773340",
            "time": 1732292457720,
            "isBuyerMaker": true,
            "isBestMatch": true
        },
        {
            "id": 2469267,
            "price": "98371.34000000",
            "qty": "0.00392000",
            "quoteQty": "385.61565280",
            "time": 1732292457734,
            "isBuyerMaker": true,
            "isBestMatch": true
        },
        {
            "id": 2469268,
            "price": "98371.34000000",
            "qty": "0.00479000",
            "quoteQty": "471.19871860",
            "time": 1732292458784,
            "isBuyerMaker": true,
            "isBestMatch": true
        },
        {
            "id": 2469269,
            "price": "98371.34000000",
            "qty": "0.00453000",
            "quoteQty": "445.62217020",
            "time": 1732292460172,
            "isBuyerMaker": true,
            "isBestMatch": true
        },
        {
            "id": 2469270,
            "price": "98371.34000000",
            "qty": "0.00100000",
            "quoteQty": "98.37134000",
            "time": 1732292460216,
            "isBuyerMaker": true,
            "isBestMatch": true
        },
        {
            "id": 2469271,
            "price": "98444.70000000",
            "qty": "0.00100000",
            "quoteQty": "98.44470000",
            "time": 1732292460217,
            "isBuyerMaker": false,
            "isBestMatch": true
        },
        {
            "id": 2469272,
            "price": "98444.70000000",
            "qty": "0.00100000",
            "quoteQty": "98.44470000",
            "time": 1732292460229,
            "isBuyerMaker": false,
            "isBestMatch": true
        },
        {
            "id": 2469273,
            "price": "98371.34000000",
            "qty": "0.00100000",
            "quoteQty": "98.37134000",
            "time": 1732292460239,
            "isBuyerMaker": true,
            "isBestMatch": true
        },
        {
            "id": 2469274,
            "price": "98371.34000000",
            "qty": "0.00351000",
            "quoteQty": "345.28340340",
            "time": 1732292461349,
            "isBuyerMaker": true,
            "isBestMatch": true
        },
        {
            "id": 2469275,
            "price": "98371.34000000",
            "qty": "0.00458000",
            "quoteQty": "450.54073720",
            "time": 1732292461365,
            "isBuyerMaker": true,
            "isBestMatch": true
        },
        {
            "id": 2469276,
            "price": "98371.34000000",
            "qty": "0.00387000",
            "quoteQty": "380.69708580",
            "time": 1732292461385,
            "isBuyerMaker": true,
            "isBestMatch": true
        },
        {
            "id": 2469277,
            "price": "98371.34000000",
            "qty": "0.00265000",
            "quoteQty": "260.68405100",
            "time": 1732292461413,
            "isBuyerMaker": true,
            "isBestMatch": true
        },
        {
            "id": 2469278,
            "price": "98371.34000000",
            "qty": "0.00311000",
            "quoteQty": "305.93486740",
            "time": 1732292462767,
            "isBuyerMaker": true,
            "isBestMatch": true
        },
        {
            "id": 2469279,
            "price": "98371.34000000",
            "qty": "0.00295000",
            "quoteQty": "290.19545300",
            "time": 1732292462790,
            "isBuyerMaker": true,
            "isBestMatch": true
        },
        {
            "id": 2469280,
            "price": "98444.70000000",
            "qty": "0.00492000",
            "quoteQty": "484.34792400",
            "time": 1732292462792,
            "isBuyerMaker": false,
            "isBestMatch": true
        },
        {
            "id": 2469281,
            "price": "98371.34000000",
            "qty": "0.00346000",
            "quoteQty": "340.36483640",
            "time": 1732292462807,
            "isBuyerMaker": true,
            "isBestMatch": true
        },
        {
            "id": 2469282,
            "price": "98371.34000000",
            "qty": "0.00336000",
            "quoteQty": "330.52770240",
            "time": 1732292464055,
            "isBuyerMaker": true,
            "isBestMatch": true
        },
        {
            "id": 2469283,
            "price": "98371.34000000",
            "qty": "0.00295000",
            "quoteQty": "290.19545300",
            "time": 1732292464067,
            "isBuyerMaker": true,
            "isBestMatch": true
        },
        {
            "id": 2469284,
            "price": "98371.34000000",
            "qty": "0.00306000",
            "quoteQty": "301.01630040",
            "time": 1732292464079,
            "isBuyerMaker": true,
            "isBestMatch": true
        },
        {
            "id": 2469285,
            "price": "98371.34000000",
            "qty": "0.00356000",
            "quoteQty": "350.20197040",
            "time": 1732292465456,
            "isBuyerMaker": true,
            "isBestMatch": true
        },
        {
            "id": 2469286,
            "price": "98371.34000000",
            "qty": "0.00336000",
            "quoteQty": "330.52770240",
            "time": 1732292465478,
            "isBuyerMaker": true,
            "isBestMatch": true
        },
        {
            "id": 2469287,
            "price": "98371.34000000",
            "qty": "0.00331000",
            "quoteQty": "325.60913540",
            "time": 1732292465488,
            "isBuyerMaker": true,
            "isBestMatch": true
        },
        {
            "id": 2469288,
            "price": "98371.34000000",
            "qty": "0.00499000",
            "quoteQty": "490.87298660",
            "time": 1732292466860,
            "isBuyerMaker": true,
            "isBestMatch": true
        },
        {
            "id": 2469289,
            "price": "98371.33000000",
            "qty": "0.00101000",
            "quoteQty": "99.35504330",
            "time": 1732292468337,
            "isBuyerMaker": true,
            "isBestMatch": true
        },
        {
            "id": 2469290,
            "price": "98371.33000000",
            "qty": "0.00184000",
            "quoteQty": "181.00324720",
            "time": 1732292468337,
            "isBuyerMaker": true,
            "isBestMatch": true
        },
        {
            "id": 2469291,
            "price": "98371.33000000",
            "qty": "0.00020000",
            "quoteQty": "19.67426600",
            "time": 1732292468676,
            "isBuyerMaker": true,
            "isBestMatch": true
        },
        {
            "id": 2469292,
            "price": "98371.33000000",
            "qty": "0.00479000",
            "quoteQty": "471.19867070",
            "time": 1732292469467,
            "isBuyerMaker": true,
            "isBestMatch": true
        },
        {
            "id": 2469293,
            "price": "98343.76000000",
            "qty": "0.00101000",
            "quoteQty": "99.32719760",
            "time": 1732292470789,
            "isBuyerMaker": true,
            "isBestMatch": true
        },
        {
            "id": 2469294,
            "price": "98343.76000000",
            "qty": "0.00322000",
            "quoteQty": "316.66690720",
            "time": 1732292470789,
            "isBuyerMaker": true,
            "isBestMatch": true
        },
        {
            "id": 2469295,
            "price": "98343.76000000",
            "qty": "0.00265000",
            "quoteQty": "260.61096400",
            "time": 1732292470799,
            "isBuyerMaker": true,
            "isBestMatch": true
        },
        {
            "id": 2469296,
            "price": "98343.76000000",
            "qty": "0.00397000",
            "quoteQty": "390.42472720",
            "time": 1732292470820,
            "isBuyerMaker": true,
            "isBestMatch": true
        },
        {
            "id": 2469297,
            "price": "98343.76000000",
            "qty": "0.00458000",
            "quoteQty": "450.41442080",
            "time": 1732292470842,
            "isBuyerMaker": true,
            "isBestMatch": true
        },
        {
            "id": 2469298,
            "price": "98343.76000000",
            "qty": "0.00463000",
            "quoteQty": "455.33160880",
            "time": 1732292474365,
            "isBuyerMaker": true,
            "isBestMatch": true
        },
        {
            "id": 2469299,
            "price": "98343.76000000",
            "qty": "0.00504000",
            "quoteQty": "495.65255040",
            "time": 1732292475929,
            "isBuyerMaker": true,
            "isBestMatch": true
        },
        {
            "id": 2469300,
            "price": "98343.76000000",
            "qty": "0.00331000",
            "quoteQty": "325.51784560",
            "time": 1732292475936,
            "isBuyerMaker": true,
            "isBestMatch": true
        },
        {
            "id": 2469301,
            "price": "98343.76000000",
            "qty": "0.00290000",
            "quoteQty": "285.19690400",
            "time": 1732292475953,
            "isBuyerMaker": true,
            "isBestMatch": true
        },
        {
            "id": 2469302,
            "price": "98415.50000000",
            "qty": "0.00012000",
            "quoteQty": "11.80986000",
            "time": 1732292476613,
            "isBuyerMaker": false,
            "isBestMatch": true
        },
        {
            "id": 2469303,
            "price": "98444.70000000",
            "qty": "0.00455000",
            "quoteQty": "447.92338500",
            "time": 1732292476613,
            "isBuyerMaker": false,
            "isBestMatch": true
        },
        {
            "id": 2469304,
            "price": "98343.76000000",
            "qty": "0.00407000",
            "quoteQty": "400.25910320",
            "time": 1732292477391,
            "isBuyerMaker": true,
            "isBestMatch": true
        },
        {
            "id": 2469305,
            "price": "98343.76000000",
            "qty": "0.00265000",
            "quoteQty": "260.61096400",
            "time": 1732292477408,
            "isBuyerMaker": true,
            "isBestMatch": true
        },
        {
            "id": 2469306,
            "price": "98343.76000000",
            "qty": "0.00458000",
            "quoteQty": "450.41442080",
            "time": 1732292479004,
            "isBuyerMaker": true,
            "isBestMatch": true
        },
        {
            "id": 2469307,
            "price": "98343.76000000",
            "qty": "0.00372000",
            "quoteQty": "365.83878720",
            "time": 1732292479025,
            "isBuyerMaker": true,
            "isBestMatch": true
        },
        {
            "id": 2469308,
            "price": "98343.76000000",
            "qty": "0.00484000",
            "quoteQty": "475.98379840",
            "time": 1732292479043,
            "isBuyerMaker": true,
            "isBestMatch": true
        },
        {
            "id": 2469309,
            "price": "98343.76000000",
            "qty": "0.00402000",
            "quoteQty": "395.34191520",
            "time": 1732292479066,
            "isBuyerMaker": true,
            "isBestMatch": true
        },
        {
            "id": 2469310,
            "price": "98343.76000000",
            "qty": "0.00458000",
            "quoteQty": "450.41442080",
            "time": 1732292479073,
            "isBuyerMaker": true,
            "isBestMatch": true
        },
        {
            "id": 2469311,
            "price": "98343.76000000",
            "qty": "0.00020000",
            "quoteQty": "19.66875200",
            "time": 1732292479244,
            "isBuyerMaker": true,
            "isBestMatch": true
        },
        {
            "id": 2469312,
            "price": "98343.76000000",
            "qty": "0.00392000",
            "quoteQty": "385.50753920",
            "time": 1732292480267,
            "isBuyerMaker": true,
            "isBestMatch": true
        },
        {
            "id": 2469313,
            "price": "98343.76000000",
            "qty": "0.00479000",
            "quoteQty": "471.06661040",
            "time": 1732292481581,
            "isBuyerMaker": true,
            "isBestMatch": true
        },
        {
            "id": 2469314,
            "price": "98343.76000000",
            "qty": "0.00392000",
            "quoteQty": "385.50753920",
            "time": 1732292481597,
            "isBuyerMaker": true,
            "isBestMatch": true
        },
        {
            "id": 2469315,
            "price": "98343.76000000",
            "qty": "0.00270000",
            "quoteQty": "265.52815200",
            "time": 1732292481610,
            "isBuyerMaker": true,
            "isBestMatch": true
        },
        {
            "id": 2469316,
            "price": "98372.80000000",
            "qty": "0.00012000",
            "quoteQty": "11.80473600",
            "time": 1732292482890,
            "isBuyerMaker": true,
            "isBestMatch": true
        },
        {
            "id": 2469317,
            "price": "98343.76000000",
            "qty": "0.00421000",
            "quoteQty": "414.02722960",
            "time": 1732292482890,
            "isBuyerMaker": true,
            "isBestMatch": true
        },
        {
            "id": 2469318,
            "price": "98343.76000000",
            "qty": "0.00362000",
            "quoteQty": "356.00441120",
            "time": 1732292482895,
            "isBuyerMaker": true,
            "isBestMatch": true
        },
        {
            "id": 2469319,
            "price": "98343.76000000",
            "qty": "0.00306000",
            "quoteQty": "300.93190560",
            "time": 1732292482902,
            "isBuyerMaker": true,
            "isBestMatch": true
        },
        {
            "id": 2469320,
            "price": "98343.76000000",
            "qty": "0.00100000",
            "quoteQty": "98.34376000",
            "time": 1732292483524,
            "isBuyerMaker": true,
            "isBestMatch": true
        },
        {
            "id": 2469321,
            "price": "98343.76000000",
            "qty": "0.00101000",
            "quoteQty": "99.32719760",
            "time": 1732292484178,
            "isBuyerMaker": true,
            "isBestMatch": true
        },
        {
            "id": 2469322,
            "price": "98326.18000000",
            "qty": "0.00179000",
            "quoteQty": "176.00386220",
            "time": 1732292484178,
            "isBuyerMaker": true,
            "isBestMatch": true
        },
        {
            "id": 2469323,
            "price": "98326.18000000",
            "qty": "0.00167000",
            "quoteQty": "164.20472060",
            "time": 1732292485588,
            "isBuyerMaker": true,
            "isBestMatch": true
        },
        {
            "id": 2469324,
            "price": "98325.62000000",
            "qty": "0.00225000",
            "quoteQty": "221.23264500",
            "time": 1732292485588,
            "isBuyerMaker": true,
            "isBestMatch": true
        },
        {
            "id": 2469325,
            "price": "98326.40000000",
            "qty": "0.00012000",
            "quoteQty": "11.79916800",
            "time": 1732292485685,
            "isBuyerMaker": false,
            "isBestMatch": true
        },
        {
            "id": 2469326,
            "price": "98326.40000000",
            "qty": "0.00318000",
            "quoteQty": "312.67795200",
            "time": 1732292486528,
            "isBuyerMaker": false,
            "isBestMatch": true
        },
        {
            "id": 2469327,
            "price": "98325.62000000",
            "qty": "0.00152000",
            "quoteQty": "149.45494240",
            "time": 1732292486945,
            "isBuyerMaker": true,
            "isBestMatch": true
        },
        {
            "id": 2469328,
            "price": "98319.62000000",
            "qty": "0.00286000",
            "quoteQty": "281.19411320",
            "time": 1732292486945,
            "isBuyerMaker": true,
            "isBestMatch": true
        },
        {
            "id": 2469329,
            "price": "98326.40000000",
            "qty": "0.00001000",
            "quoteQty": "0.98326400",
            "time": 1732292487657,
            "isBuyerMaker": false,
            "isBestMatch": true
        },
        {
            "id": 2469330,
            "price": "98326.93000000",
            "qty": "0.00011000",
            "quoteQty": "10.81596230",
            "time": 1732292487657,
            "isBuyerMaker": false,
            "isBestMatch": true
        },
        {
            "id": 2469331,
            "price": "98326.93000000",
            "qty": "0.00034000",
            "quoteQty": "33.43115620",
            "time": 1732292487703,
            "isBuyerMaker": false,
            "isBestMatch": true
        },
        {
            "id": 2469332,
            "price": "98319.62000000",
            "qty": "0.00116000",
            "quoteQty": "114.05075920",
            "time": 1732292488103,
            "isBuyerMaker": true,
            "isBestMatch": true
        },
        {
            "id": 2469333,
            "price": "98315.29000000",
            "qty": "0.00261000",
            "quoteQty": "256.60290690",
            "time": 1732292488103,
            "isBuyerMaker": true,
            "isBestMatch": true
        },
        {
            "id": 2469334,
            "price": "98315.29000000",
            "qty": "0.00101000",
            "quoteQty": "99.29844290",
            "time": 1732292488108,
            "isBuyerMaker": true,
            "isBestMatch": true
        },
        {
            "id": 2469335,
            "price": "98313.02000000",
            "qty": "0.00167000",
            "quoteQty": "164.18274340",
            "time": 1732292488108,
            "isBuyerMaker": true,
            "isBestMatch": true
        },
        {
            "id": 2469336,
            "price": "98308.72000000",
            "qty": "0.00175000",
            "quoteQty": "172.04026000",
            "time": 1732292488108,
            "isBuyerMaker": true,
            "isBestMatch": true
        },
        {
            "id": 2469337,
            "price": "98326.93000000",
            "qty": "0.00012000",
            "quoteQty": "11.79923160",
            "time": 1732292488439,
            "isBuyerMaker": false,
            "isBestMatch": true
        },
        {
            "id": 2469338,
            "price": "98326.93000000",
            "qty": "0.00278000",
            "quoteQty": "273.34886540",
            "time": 1732292488528,
            "isBuyerMaker": false,
            "isBestMatch": true
        },
        {
            "id": 2469339,
            "price": "98308.72000000",
            "qty": "0.00463000",
            "quoteQty": "455.16937360",
            "time": 1732292489514,
            "isBuyerMaker": true,
            "isBestMatch": true
        },
        {
            "id": 2469340,
            "price": "98308.72000000",
            "qty": "0.00402000",
            "quoteQty": "395.20105440",
            "time": 1732292489532,
            "isBuyerMaker": true,
            "isBestMatch": true
        },
        {
            "id": 2469341,
            "price": "98308.72000000",
            "qty": "0.00453000",
            "quoteQty": "445.33850160",
            "time": 1732292489545,
            "isBuyerMaker": true,
            "isBestMatch": true
        },
        {
            "id": 2469342,
            "price": "98308.72000000",
            "qty": "0.00453000",
            "quoteQty": "445.33850160",
            "time": 1732292489561,
            "isBuyerMaker": true,
            "isBestMatch": true
        },
        {
            "id": 2469343,
            "price": "98326.93000000",
            "qty": "0.00001000",
            "quoteQty": "0.98326930",
            "time": 1732292489685,
            "isBuyerMaker": false,
            "isBestMatch": true
        },
        {
            "id": 2469344,
            "price": "98366.99000000",
            "qty": "0.00101000",
            "quoteQty": "99.35065990",
            "time": 1732292489685,
            "isBuyerMaker": false,
            "isBestMatch": true
        },
        {
            "id": 2469345,
            "price": "98476.10000000",
            "qty": "0.00342000",
            "quoteQty": "336.78826200",
            "time": 1732292489685,
            "isBuyerMaker": false,
            "isBestMatch": true
        },
        {
            "id": 2469346,
            "price": "98308.72000000",
            "qty": "0.00020000",
            "quoteQty": "19.66174400",
            "time": 1732292489815,
            "isBuyerMaker": true,
            "isBestMatch": true
        },
        {
            "id": 2469347,
            "price": "98394.10000000",
            "qty": "0.00012000",
            "quoteQty": "11.80729200",
            "time": 1732292491336,
            "isBuyerMaker": true,
            "isBestMatch": true
        },
        {
            "id": 2469348,
            "price": "98344.90000000",
            "qty": "0.00034000",
            "quoteQty": "33.43726600",
            "time": 1732292491336,
            "isBuyerMaker": true,
            "isBestMatch": true
        },
        {
            "id": 2469349,
            "price": "98308.72000000",
            "qty": "0.00224000",
            "quoteQty": "220.21153280",
            "time": 1732292491336,
            "isBuyerMaker": true,
            "isBestMatch": true
        },
        {
            "id": 2469350,
            "price": "98405.90000000",
            "qty": "0.00012000",
            "quoteQty": "11.80870800",
            "time": 1732292493535,
            "isBuyerMaker": true,
            "isBestMatch": true
        },
        {
            "id": 2469351,
            "price": "98356.70000000",
            "qty": "0.00032000",
            "quoteQty": "31.47414400",
            "time": 1732292493535,
            "isBuyerMaker": true,
            "isBestMatch": true
        },
        {
            "id": 2469352,
            "price": "98308.72000000",
            "qty": "0.00369000",
            "quoteQty": "362.75917680",
            "time": 1732292493535,
            "isBuyerMaker": true,
            "isBestMatch": true
        },
        {
            "id": 2469353,
            "price": "98308.72000000",
            "qty": "0.00301000",
            "quoteQty": "295.90924720",
            "time": 1732292493549,
            "isBuyerMaker": true,
            "isBestMatch": true
        },
        {
            "id": 2469354,
            "price": "98308.72000000",
            "qty": "0.00301000",
            "quoteQty": "295.90924720",
            "time": 1732292493569,
            "isBuyerMaker": true,
            "isBestMatch": true
        },
        {
            "id": 2469355,
            "price": "98405.90000000",
            "qty": "0.00012000",
            "quoteQty": "11.80870800",
            "time": 1732292495262,
            "isBuyerMaker": true,
            "isBestMatch": true
        },
        {
            "id": 2469356,
            "price": "98356.70000000",
            "qty": "0.00032000",
            "quoteQty": "31.47414400",
            "time": 1732292495262,
            "isBuyerMaker": true,
            "isBestMatch": true
        },
        {
            "id": 2469357,
            "price": "98308.72000000",
            "qty": "0.00267000",
            "quoteQty": "262.48428240",
            "time": 1732292495262,
            "isBuyerMaker": true,
            "isBestMatch": true
        },
        {
            "id": 2469358,
            "price": "98405.10000000",
            "qty": "0.00012000",
            "quoteQty": "11.80861200",
            "time": 1732292497086,
            "isBuyerMaker": true,
            "isBestMatch": true
        },
        {
            "id": 2469359,
            "price": "98355.90000000",
            "qty": "0.00031000",
            "quoteQty": "30.49032900",
            "time": 1732292497086,
            "isBuyerMaker": true,
            "isBestMatch": true
        },
        {
            "id": 2469360,
            "price": "98308.72000000",
            "qty": "0.00405000",
            "quoteQty": "398.15031600",
            "time": 1732292497086,
            "isBuyerMaker": true,
            "isBestMatch": true
        },
        {
            "id": 2469361,
            "price": "98308.72000000",
            "qty": "0.00341000",
            "quoteQty": "335.23273520",
            "time": 1732292497107,
            "isBuyerMaker": true,
            "isBestMatch": true
        },
        {
            "id": 2469362,
            "price": "98308.72000000",
            "qty": "0.00311000",
            "quoteQty": "305.74011920",
            "time": 1732292497125,
            "isBuyerMaker": true,
            "isBestMatch": true
        },
        {
            "id": 2469363,
            "price": "98404.70000000",
            "qty": "0.00012000",
            "quoteQty": "11.80856400",
            "time": 1732292498546,
            "isBuyerMaker": true,
            "isBestMatch": true
        },
        {
            "id": 2469364,
            "price": "98355.50000000",
            "qty": "0.00031000",
            "quoteQty": "30.49020500",
            "time": 1732292498546,
            "isBuyerMaker": true,
            "isBestMatch": true
        },
        {
            "id": 2469365,
            "price": "98308.72000000",
            "qty": "0.00217000",
            "quoteQty": "213.32992240",
            "time": 1732292498546,
            "isBuyerMaker": true,
            "isBestMatch": true
        },
        {
            "id": 2469366,
            "price": "98308.72000000",
            "qty": "0.00255000",
            "quoteQty": "250.68723600",
            "time": 1732292498565,
            "isBuyerMaker": true,
            "isBestMatch": true
        },
        {
            "id": 2469367,
            "price": "98308.72000000",
            "qty": "0.00336000",
            "quoteQty": "330.31729920",
            "time": 1732292500015,
            "isBuyerMaker": true,
            "isBestMatch": true
        },
        {
            "id": 2469368,
            "price": "98308.72000000",
            "qty": "0.00336000",
            "quoteQty": "330.31729920",
            "time": 1732292500022,
            "isBuyerMaker": true,
            "isBestMatch": true
        },
        {
            "id": 2469369,
            "price": "98308.72000000",
            "qty": "0.00469000",
            "quoteQty": "461.06789680",
            "time": 1732292500028,
            "isBuyerMaker": true,
            "isBestMatch": true
        },
        {
            "id": 2469370,
            "price": "98404.70000000",
            "qty": "0.00012000",
            "quoteQty": "11.80856400",
            "time": 1732292500256,
            "isBuyerMaker": true,
            "isBestMatch": true
        },
        {
            "id": 2469371,
            "price": "98308.72000000",
            "qty": "0.00008000",
            "quoteQty": "7.86469760",
            "time": 1732292500256,
            "isBuyerMaker": true,
