{
    "data": [
        {
            "id": 1111525,
            "price": "0.40123000",
            "qty": "160.00000000",
            "quoteQty": "64.19680000",
            "time": 1732290111767,
            "isBuyerMaker": false,
            "isBestMatch": true
        },
        {
            "id": 1111526,
            "price": "0.40124000",
            "qty": "15.00000000",
            "quoteQty": "6.01860000",
            "time": 1732290111767,
            "isBuyerMaker": false,
            "isBestMatch": true
        },
        {
            "id": 1111527,
            "price": "0.40131000",
            "qty": "128.00000000",
            "quoteQty": "51.36768000",
            "time": 1732290116873,
            "isBuyerMaker": false,
            "isBestMatch": true
        },
        {
            "id": 1111528,
            "price": "0.40134000",
            "qty": "150.00000000",
            "quoteQty": "60.20100000",
            "time": 1732290122680,
            "isBuyerMaker": false,
            "isBestMatch": true
        },
        {
            "id": 1111529,
            "price": "0.40135000",
            "qty": "90.00000000",
            "quoteQty": "36.12150000",
            "time": 1732290122680,
            "isBuyerMaker": false,
            "isBestMatch": true
        },
        {
            "id": 1111530,
            "price": "0.40139000",
            "qty": "187.00000000",
            "quoteQty": "75.05993000",
            "time": 1732290132301,
            "isBuyerMaker": false,
            "isBestMatch": true
        },
        {
            "id": 1111531,
            "price": "0.40140000",
            "qty": "130.00000000",
            "quoteQty": "52.18200000",
            "time": 1732290135208,
            "isBuyerMaker": false,
            "isBestMatch": true
        },
        {
            "id": 1111532,
            "price": "0.40144000",
            "qty": "100.00000000",
            "quoteQty": "40.14400000",
            "time": 1732290135208,
            "isBuyerMaker": false,
            "isBestMatch": true
        },
        {
            "id": 1111533,
            "price": "0.40144000",
            "qty": "105.00000000",
            "quoteQty": "42.15120000",
            "time": 1732290135215,
            "isBuyerMaker": false,
            "isBestMatch": true
        },
        {
            "id": 1111534,
            "price": "0.40147000",
            "qty": "30.00000000",
            "quoteQty": "12.04410000",
            "time": 1732290135215,
            "isBuyerMaker": false,
            "isBestMatch": true
        },
        {
            "id": 1111535,
            "price": "0.40147000",
            "qty": "135.00000000",
            "quoteQty": "54.19845000",
            "time": 1732290135231,
            "isBuyerMaker": false,
            "isBestMatch": true
        },
        {
            "id": 1111536,
            "price": "0.40147000",
            "qty": "85.00000000",
            "quoteQty": "34.12495000",
            "time": 1732290135249,
            "isBuyerMaker": false,
            "isBestMatch": true
        },
        {
            "id": 1111537,
            "price": "0.40157000",
            "qty": "140.00000000",
            "quoteQty": "56.21980000",
            "time": 1732290138526,
            "isBuyerMaker": true,
            "isBestMatch": true
        },
        {
            "id": 1111538,
            "price": "0.40156000",
            "qty": "118.00000000",
            "quoteQty": "47.38408000",
            "time": 1732290139536,
            "isBuyerMaker": true,
            "isBestMatch": true
        },
        {
            "id": 1111539,
            "price": "0.40156000",
            "qty": "92.00000000",
            "quoteQty": "36.94352000",
            "time": 1732290140529,
            "isBuyerMaker": true,
            "isBestMatch": true
        },
        {
            "id": 1111540,
            "price": "0.40154000",
            "qty": "155.00000000",
            "quoteQty": "62.23870000",
            "time": 1732290141530,
            "isBuyerMaker": true,
            "isBestMatch": true
        },
        {
            "id": 1111541,
            "price": "0.40154000",
            "qty": "37.00000000",
            "quoteQty": "14.85698000",
            "time": 1732290142522,
            "isBuyerMaker": true,
            "isBestMatch": true
        },
        {
            "id": 1111542,
            "price": "0.40153000",
            "qty": "166.00000000",
            "quoteQty": "66.65398000",
            "time": 1732290143527,
            "isBuyerMaker": true,
            "isBestMatch": true
        },
        {
            "id": 1111543,
            "price": "0.40150000",
            "qty": "66.00000000",
            "quoteQty": "26.49900000",
            "time": 1732290144523,
            "isBuyerMaker": true,
            "isBestMatch": true
        },
        {
            "id": 1111544,
            "price": "0.40140000",
            "qty": "200.00000000",
            "quoteQty": "80.28000000",
            "time": 1732290155048,
            "isBuyerMaker": false,
            "isBestMatch": true
        },
        {
            "id": 1111545,
            "price": "0.40141000",
            "qty": "20.00000000",
            "quoteQty": "8.02820000",
            "time": 1732290155048,
            "isBuyerMaker": false,
            "isBestMatch": true
        },
        {
            "id": 1111546,
            "price": "0.40147000",
            "qty": "25.00000000",
            "quoteQty": "10.03675000",
            "time": 1732290157922,
            "isBuyerMaker": false,
            "isBestMatch": true
        },
        {
            "id": 1111547,
            "price": "0.40147000",
            "qty": "142.00000000",
            "quoteQty": "57.00874000",
            "time": 1732290158010,
            "isBuyerMaker": false,
            "isBestMatch": true
        },
        {
            "id": 1111548,
            "price": "0.40147000",
            "qty": "35.00000000",
            "quoteQty": "14.05145000",
            "time": 1732290158017,
            "isBuyerMaker": false,
            "isBestMatch": true
        },
        {
            "id": 1111549,
            "price": "0.40149000",
            "qty": "187.00000000",
            "quoteQty": "75.07863000",
            "time": 1732290158017,
            "isBuyerMaker": false,
            "isBestMatch": true
        },
        {
            "id": 1111550,
            "price": "0.40150000",
            "qty": "155.00000000",
            "quoteQty": "62.23250000",
            "time": 1732290158032,
            "isBuyerMaker": false,
            "isBestMatch": true
        },
        {
            "id": 1111551,
            "price": "0.40167000",
            "qty": "205.00000000",
            "quoteQty": "82.34235000",
            "time": 1732290162206,
            "isBuyerMaker": false,
            "isBestMatch": true
        },
        {
            "id": 1111552,
            "price": "0.40167000",
            "qty": "177.00000000",
            "quoteQty": "71.09559000",
            "time": 1732290162212,
            "isBuyerMaker": false,
            "isBestMatch": true
        },
        {
            "id": 1111553,
            "price": "0.40167000",
            "qty": "210.00000000",
            "quoteQty": "84.35070000",
            "time": 1732290166333,
            "isBuyerMaker": false,
            "isBestMatch": true
        },
        {
            "id": 1111554,
            "price": "0.40167000",
            "qty": "137.00000000",
            "quoteQty": "55.02879000",
            "time": 1732290169877,
            "isBuyerMaker": false,
            "isBestMatch": true
        },
        {
            "id": 1111555,
            "price": "0.40167000",
            "qty": "195.00000000",
            "quoteQty": "78.32565000",
            "time": 1732290169887,
            "isBuyerMaker": false,
            "isBestMatch": true
        },
        {
            "id": 1111556,
            "price": "0.40166000",
            "qty": "144.00000000",
            "quoteQty": "57.83904000",
            "time": 1732290172525,
            "isBuyerMaker": true,
            "isBestMatch": true
        },
        {
            "id": 1111557,
            "price": "0.40167000",
            "qty": "242.00000000",
            "quoteQty": "97.20414000",
            "time": 1732290173031,
            "isBuyerMaker": false,
            "isBestMatch": true
        },
        {
            "id": 1111558,
            "price": "0.40167000",
            "qty": "150.00000000",
            "quoteQty": "60.25050000",
            "time": 1732290173042,
            "isBuyerMaker": false,
            "isBestMatch": true
        },
        {
            "id": 1111559,
            "price": "0.40167000",
            "qty": "197.00000000",
            "quoteQty": "79.12899000",
            "time": 1732290173060,
            "isBuyerMaker": false,
            "isBestMatch": true
        },
        {
            "id": 1111560,
            "price": "0.40166000",
            "qty": "75.00000000",
            "quoteQty": "30.12450000",
            "time": 1732290174529,
            "isBuyerMaker": true,
            "isBestMatch": true
        },
        {
            "id": 1111561,
            "price": "0.40167000",
            "qty": "185.00000000",
            "quoteQty": "74.30895000",
            "time": 1732290176272,
            "isBuyerMaker": false,
            "isBestMatch": true
        },
        {
            "id": 1111562,
            "price": "0.40167000",
            "qty": "200.00000000",
            "quoteQty": "80.33400000",
            "time": 1732290178889,
            "isBuyerMaker": false,
            "isBestMatch": true
        },
        {
            "id": 1111563,
            "price": "0.40167000",
            "qty": "239.00000000",
            "quoteQty": "95.99913000",
            "time": 1732290178898,
            "isBuyerMaker": false,
            "isBestMatch": true
        },
        {
            "id": 1111564,
            "price": "0.40167000",
            "qty": "157.00000000",
            "quoteQty": "63.06219000",
            "time": 1732290178907,
            "isBuyerMaker": false,
            "isBestMatch": true
        },
        {
            "id": 1111565,
            "price": "0.40167000",
            "qty": "235.00000000",
            "quoteQty": "94.39245000",
            "time": 1732290178923,
            "isBuyerMaker": false,
            "isBestMatch": true
        },
        {
            "id": 1111566,
            "price": "0.40166000",
            "qty": "18.00000000",
            "quoteQty": "7.22988000",
            "time": 1732290182538,
            "isBuyerMaker": true,
            "isBestMatch": true
        },
        {
            "id": 1111567,
            "price": "0.40163000",
            "qty": "132.00000000",
            "quoteQty": "53.01516000",
            "time": 1732290182538,
            "isBuyerMaker": true,
            "isBestMatch": true
        },
        {
            "id": 1111568,
            "price": "0.40139000",
            "qty": "48.00000000",
            "quoteQty": "19.26672000",
            "time": 1732290182538,
            "isBuyerMaker": true,
            "isBestMatch": true
        },
        {
            "id": 1111569,
            "price": "0.40138000",
            "qty": "128.00000000",
            "quoteQty": "51.37664000",
            "time": 1732290182538,
            "isBuyerMaker": true,
            "isBestMatch": true
        },
        {
            "id": 1111570,
            "price": "0.40137000",
            "qty": "177.00000000",
            "quoteQty": "71.04249000",
            "time": 1732290182538,
            "isBuyerMaker": true,
            "isBestMatch": true
        },
        {
            "id": 1111571,
            "price": "0.40136000",
            "qty": "215.00000000",
            "quoteQty": "86.29240000",
            "time": 1732290182538,
            "isBuyerMaker": true,
            "isBestMatch": true
        },
        {
            "id": 1111572,
            "price": "0.40133000",
            "qty": "212.00000000",
            "quoteQty": "85.08196000",
            "time": 1732290182538,
            "isBuyerMaker": true,
            "isBestMatch": true
        },
        {
            "id": 1111573,
            "price": "0.40132000",
            "qty": "230.00000000",
            "quoteQty": "92.30360000",
            "time": 1732290182538,
            "isBuyerMaker": true,
            "isBestMatch": true
        },
        {
            "id": 1111574,
            "price": "0.40127000",
            "qty": "210.00000000",
            "quoteQty": "84.26670000",
            "time": 1732290182538,
            "isBuyerMaker": true,
            "isBestMatch": true
        },
        {
            "id": 1111575,
            "price": "0.40147000",
            "qty": "130.00000000",
            "quoteQty": "52.19110000",
            "time": 1732290191527,
            "isBuyerMaker": true,
            "isBestMatch": true
        },
        {
            "id": 1111576,
            "price": "0.40145000",
            "qty": "79.00000000",
            "quoteQty": "31.71455000",
            "time": 1732290192527,
            "isBuyerMaker": true,
            "isBestMatch": true
        },
        {
            "id": 1111577,
            "price": "0.40148000",
            "qty": "170.00000000",
            "quoteQty": "68.25160000",
            "time": 1732290193069,
            "isBuyerMaker": false,
            "isBestMatch": true
        },
        {
            "id": 1111578,
            "price": "0.40145000",
            "qty": "141.00000000",
            "quoteQty": "56.60445000",
            "time": 1732290193528,
            "isBuyerMaker": true,
            "isBestMatch": true
        },
        {
            "id": 1111579,
            "price": "0.40150000",
            "qty": "242.00000000",
            "quoteQty": "97.16300000",
            "time": 1732290195413,
            "isBuyerMaker": false,
            "isBestMatch": true
        },
        {
            "id": 1111580,
            "price": "0.40150000",
            "qty": "142.00000000",
            "quoteQty": "57.01300000",
            "time": 1732290195423,
            "isBuyerMaker": false,
            "isBestMatch": true
        },
        {
            "id": 1111581,
            "price": "0.40150000",
            "qty": "197.00000000",
            "quoteQty": "79.09550000",
            "time": 1732290195432,
            "isBuyerMaker": false,
            "isBestMatch": true
        },
        {
            "id": 1111582,
            "price": "0.40150000",
            "qty": "237.00000000",
            "quoteQty": "95.15550000",
            "time": 1732290198100,
            "isBuyerMaker": false,
            "isBestMatch": true
        },
        {
            "id": 1111583,
            "price": "0.40150000",
            "qty": "167.00000000",
            "quoteQty": "67.05050000",
            "time": 1732290198109,
            "isBuyerMaker": false,
            "isBestMatch": true
        },
        {
            "id": 1111584,
            "price": "0.40135000",
            "qty": "141.00000000",
            "quoteQty": "56.59035000",
            "time": 1732290201524,
            "isBuyerMaker": true,
            "isBestMatch": true
        },
        {
            "id": 1111585,
            "price": "0.40129000",
            "qty": "43.00000000",
            "quoteQty": "17.25547000",
            "time": 1732290207529,
            "isBuyerMaker": true,
            "isBestMatch": true
        },
        {
            "id": 1111586,
            "price": "0.40130000",
            "qty": "135.00000000",
            "quoteQty": "54.17550000",
            "time": 1732290208939,
            "isBuyerMaker": false,
            "isBestMatch": true
        },
        {
            "id": 1111587,
            "price": "0.40134000",
            "qty": "212.00000000",
            "quoteQty": "85.08408000",
            "time": 1732290215052,
            "isBuyerMaker": false,
            "isBestMatch": true
        },
        {
            "id": 1111588,
            "price": "0.40134000",
            "qty": "25.00000000",
            "quoteQty": "10.03350000",
            "time": 1732290215061,
            "isBuyerMaker": false,
            "isBestMatch": true
        },
        {
            "id": 1111589,
            "price": "0.40135000",
            "qty": "210.00000000",
            "quoteQty": "84.28350000",
            "time": 1732290215061,
            "isBuyerMaker": false,
            "isBestMatch": true
        },
        {
            "id": 1111590,
            "price": "0.40132000",
            "qty": "37.00000000",
            "quoteQty": "14.84884000",
            "time": 1732290216527,
            "isBuyerMaker": true,
            "isBestMatch": true
        },
        {
            "id": 1111591,
            "price": "0.40139000",
            "qty": "147.00000000",
            "quoteQty": "59.00433000",
            "time": 1732290217825,
            "isBuyerMaker": false,
            "isBestMatch": true
        },
        {
            "id": 1111592,
            "price": "0.40121000",
            "qty": "143.00000000",
            "quoteQty": "57.37303000",
            "time": 1732290234542,
            "isBuyerMaker": true,
            "isBestMatch": true
        },
        {
            "id": 1111593,
            "price": "0.40121000",
            "qty": "155.00000000",
            "quoteQty": "62.18755000",
            "time": 1732290234557,
            "isBuyerMaker": true,
            "isBestMatch": true
        },
        {
            "id": 1111594,
            "price": "0.40121000",
            "qty": "215.00000000",
            "quoteQty": "86.26015000",
            "time": 1732290234580,
            "isBuyerMaker": true,
            "isBestMatch": true
        },
        {
            "id": 1111595,
            "price": "0.40121000",
            "qty": "213.00000000",
            "quoteQty": "85.45773000",
            "time": 1732290237949,
            "isBuyerMaker": true,
            "isBestMatch": true
        },
        {
            "id": 1111596,
            "price": "0.40121000",
            "qty": "245.00000000",
            "quoteQty": "98.29645000",
            "time": 1732290240799,
            "isBuyerMaker": true,
            "isBestMatch": true
        },
        {
            "id": 1111597,
            "price": "0.40121000",
            "qty": "235.00000000",
            "quoteQty": "94.28435000",
            "time": 1732290240817,
            "isBuyerMaker": true,
            "isBestMatch": true
        },
        {
            "id": 1111598,
            "price": "0.40121000",
            "qty": "173.00000000",
            "quoteQty": "69.40933000",
            "time": 1732290240832,
            "isBuyerMaker": true,
            "isBestMatch": true
        },
        {
            "id": 1111599,
            "price": "0.40121000",
            "qty": "25.00000000",
            "quoteQty": "10.03025000",
            "time": 1732290243041,
            "isBuyerMaker": true,
            "isBestMatch": true
        },
        {
            "id": 1111600,
            "price": "0.40121000",
            "qty": "205.00000000",
            "quoteQty": "82.24805000",
            "time": 1732290243378,
            "isBuyerMaker": true,
            "isBestMatch": true
        },
        {
            "id": 1111601,
            "price": "0.40121000",
            "qty": "245.00000000",
            "quoteQty": "98.29645000",
            "time": 1732290243394,
            "isBuyerMaker": true,
            "isBestMatch": true
        },
        {
            "id": 1111602,
            "price": "0.40121000",
            "qty": "180.00000000",
            "quoteQty": "72.21780000",
            "time": 1732290243408,
            "isBuyerMaker": true,
            "isBestMatch": true
        },
        {
            "id": 1111603,
            "price": "0.40121000",
            "qty": "235.00000000",
            "quoteQty": "94.28435000",
            "time": 1732290246414,
            "isBuyerMaker": true,
            "isBestMatch": true
        },
        {
            "id": 1111604,
            "price": "0.40121000",
            "qty": "135.00000000",
            "quoteQty": "54.16335000",
            "time": 1732290246426,
            "isBuyerMaker": true,
            "isBestMatch": true
        },
        {
            "id": 1111605,
            "price": "0.40121000",
            "qty": "155.00000000",
            "quoteQty": "62.18755000",
            "time": 1732290249687,
            "isBuyerMaker": true,
            "isBestMatch": true
        },
        {
            "id": 1111606,
            "price": "0.40121000",
            "qty": "158.00000000",
            "quoteQty": "63.39118000",
            "time": 1732290253337,
            "isBuyerMaker": true,
            "isBestMatch": true
        },
        {
            "id": 1111607,
            "price": "0.40121000",
            "qty": "230.00000000",
            "quoteQty": "92.27830000",
            "time": 1732290253352,
            "isBuyerMaker": true,
            "isBestMatch": true
        },
        {
            "id": 1111608,
            "price": "0.40121000",
            "qty": "155.00000000",
            "quoteQty": "62.18755000",
            "time": 1732290253369,
            "isBuyerMaker": true,
            "isBestMatch": true
        },
        {
            "id": 1111609,
            "price": "0.40121000",
            "qty": "250.00000000",
            "quoteQty": "100.30250000",
            "time": 1732290253388,
            "isBuyerMaker": true,
            "isBestMatch": true
        },
        {
            "id": 1111610,
            "price": "0.40121000",
            "qty": "153.00000000",
            "quoteQty": "61.38513000",
            "time": 1732290253400,
            "isBuyerMaker": true,
            "isBestMatch": true
        },
        {
            "id": 1111611,
            "price": "0.40121000",
            "qty": "178.00000000",
            "quoteQty": "71.41538000",
            "time": 1732290256864,
            "isBuyerMaker": true,
            "isBestMatch": true
        },
        {
            "id": 1111612,
            "price": "0.40121000",
            "qty": "155.00000000",
            "quoteQty": "62.18755000",
            "time": 1732290259904,
            "isBuyerMaker": true,
            "isBestMatch": true
        },
        {
            "id": 1111613,
            "price": "0.40121000",
            "qty": "205.00000000",
            "quoteQty": "82.24805000",
            "time": 1732290262809,
            "isBuyerMaker": true,
            "isBestMatch": true
        },
        {
            "id": 1111614,
            "price": "0.40121000",
            "qty": "173.00000000",
            "quoteQty": "69.40933000",
            "time": 1732290265416,
            "isBuyerMaker": true,
            "isBestMatch": true
        },
        {
            "id": 1111615,
            "price": "0.40121000",
            "qty": "235.00000000",
            "quoteQty": "94.28435000",
            "time": 1732290269048,
            "isBuyerMaker": true,
            "isBestMatch": true
        },
        {
            "id": 1111616,
            "price": "0.40121000",
            "qty": "160.00000000",
            "quoteQty": "64.19360000",
            "time": 1732290269053,
            "isBuyerMaker": true,
            "isBestMatch": true
        },
        {
            "id": 1111617,
            "price": "0.40121000",
            "qty": "215.00000000",
            "quoteQty": "86.26015000",
            "time": 1732290271966,
            "isBuyerMaker": true,
            "isBestMatch": true
        },
        {
            "id": 1111618,
            "price": "0.40121000",
            "qty": "200.00000000",
            "quoteQty": "80.24200000",
            "time": 1732290271977,
            "isBuyerMaker": true,
            "isBestMatch": true
        },
        {
            "id": 1111619,
            "price": "0.40121000",
            "qty": "220.00000000",
            "quoteQty": "88.26620000",
            "time": 1732290271995,
            "isBuyerMaker": true,
            "isBestMatch": true
        },
        {
            "id": 1111620,
            "price": "0.40121000",
            "qty": "163.00000000",
            "quoteQty": "65.39723000",
            "time": 1732290272003,
            "isBuyerMaker": true,
            "isBestMatch": true
        },
        {
            "id": 1111621,
            "price": "0.40121000",
            "qty": "227.00000000",
            "quoteQty": "91.07467000",
            "time": 1732290275382,
            "isBuyerMaker": true,
            "isBestMatch": true
        },
        {
            "id": 1111622,
            "price": "0.40121000",
            "qty": "125.00000000",
            "quoteQty": "50.15125000",
            "time": 1732290277793,
            "isBuyerMaker": true,
            "isBestMatch": true
        },
        {
            "id": 1111623,
            "price": "0.40121000",
            "qty": "190.00000000",
            "quoteQty": "76.22990000",
            "time": 1732290277804,
            "isBuyerMaker": true,
            "isBestMatch": true
        },
        {
            "id": 1111624,
            "price": "0.40121000",
            "qty": "227.00000000",
            "quoteQty": "91.07467000",
            "time": 1732290280698,
            "isBuyerMaker": true,
            "isBestMatch": true
        },
        {
            "id": 1111625,
            "price": "0.40121000",
            "qty": "200.00000000",
            "quoteQty": "80.24200000",
            "time": 1732290280705,
            "isBuyerMaker": true,
            "isBestMatch": true
        },
        {
            "id": 1111626,
            "price": "0.40121000",
            "qty": "145.00000000",
            "quoteQty": "58.17545000",
            "time": 1732290280710,
            "isBuyerMaker": true,
            "isBestMatch": true
        },
        {
            "id": 1111627,
            "price": "0.40121000",
            "qty": "175.00000000",
            "quoteQty": "70.21175000",
            "time": 1732290282562,
            "isBuyerMaker": true,
            "isBestMatch": true
        },
        {
            "id": 1111628,
            "price": "0.40121000",
            "qty": "168.00000000",
            "quoteQty": "67.40328000",
            "time": 1732290285993,
            "isBuyerMaker": true,
            "isBestMatch": true
        },
        {
            "id": 1111629,
            "price": "0.40121000",
            "qty": "230.00000000",
            "quoteQty": "92.27830000",
            "time": 1732290286002,
            "isBuyerMaker": true,
            "isBestMatch": true
        },
        {
            "id": 1111630,
            "price": "0.40121000",
            "qty": "202.00000000",
            "quoteQty": "81.04442000",
            "time": 1732290286008,
            "isBuyerMaker": true,
            "isBestMatch": true
        },
        {
            "id": 1111631,
            "price": "0.40121000",
            "qty": "167.00000000",
            "quoteQty": "67.00207000",
            "time": 1732290286016,
            "isBuyerMaker": true,
            "isBestMatch": true
        },
        {
            "id": 1111632,
            "price": "0.40122000",
            "qty": "125.00000000",
            "quoteQty": "50.15250000",
            "time": 1732290291361,
            "isBuyerMaker": false,
            "isBestMatch": true
        },
        {
            "id": 1111633,
            "price": "0.40125000",
            "qty": "92.00000000",
            "quoteQty": "36.91500000",
            "time": 1732290291361,
            "isBuyerMaker": false,
            "isBestMatch": true
        },
        {
            "id": 1111634,
            "price": "0.40134000",
            "qty": "135.00000000",
            "quoteQty": "54.18090000",
            "time": 1732290293799,
            "isBuyerMaker": false,
            "isBestMatch": true
        },
        {
            "id": 1111635,
            "price": "0.40135000",
            "qty": "55.00000000",
            "quoteQty": "22.07425000",
            "time": 1732290293799,
            "isBuyerMaker": false,
            "isBestMatch": true
        },
        {
            "id": 1111636,
            "price": "0.40135000",
            "qty": "133.00000000",
            "quoteQty": "53.37955000",
            "time": 1732290293808,
            "isBuyerMaker": false,
            "isBestMatch": true
        },
        {
            "id": 1111637,
            "price": "0.40138000",
            "qty": "147.00000000",
            "quoteQty": "59.00286000",
            "time": 1732290295985,
            "isBuyerMaker": false,
            "isBestMatch": true
        },
        {
            "id": 1111638,
            "price": "0.40139000",
            "qty": "73.00000000",
            "quoteQty": "29.30147000",
            "time": 1732290295985,
            "isBuyerMaker": false,
            "isBestMatch": true
        },
        {
            "id": 1111639,
            "price": "0.40139000",
            "qty": "104.00000000",
            "quoteQty": "41.74456000",
            "time": 1732290295997,
            "isBuyerMaker": false,
            "isBestMatch": true
        },
        {
            "id": 1111640,
            "price": "0.40141000",
            "qty": "155.00000000",
            "quoteQty": "62.21855000",
            "time": 1732290298781,
            "isBuyerMaker": false,
            "isBestMatch": true
        },
        {
            "id": 1111641,
            "price": "0.40144000",
            "qty": "60.00000000",
            "quoteQty": "24.08640000",
            "time": 1732290298781,
            "isBuyerMaker": false,
            "isBestMatch": true
        },
        {
            "id": 1111642,
            "price": "0.40152000",
            "qty": "230.00000000",
            "quoteQty": "92.34960000",
            "time": 1732290301344,
            "isBuyerMaker": false,
            "isBestMatch": true
        },
        {
            "id": 1111643,
            "price": "0.40152000",
            "qty": "7.00000000",
            "quoteQty": "2.81064000",
            "time": 1732290302526,
            "isBuyerMaker": true,
            "isBestMatch": true
        },
        {
            "id": 1111644,
            "price": "0.40153000",
            "qty": "160.00000000",
            "quoteQty": "64.24480000",
            "time": 1732290303343,
            "isBuyerMaker": false,
            "isBestMatch": true
        },
        {
            "id": 1111645,
            "price": "0.40156000",
            "qty": "192.00000000",
            "quoteQty": "77.09952000",
            "time": 1732290307739,
            "isBuyerMaker": false,
            "isBestMatch": true
        },
        {
            "id": 1111646,
            "price": "0.40154000",
            "qty": "130.00000000",
            "quoteQty": "52.20020000",
            "time": 1732290313399,
            "isBuyerMaker": false,
            "isBestMatch": true
        },
        {
            "id": 1111647,
            "price": "0.40155000",
            "qty": "42.00000000",
            "quoteQty": "16.86510000",
            "time": 1732290313399,
            "isBuyerMaker": false,
            "isBestMatch": true
        },
        {
            "id": 1111648,
            "price": "0.40149000",
            "qty": "172.00000000",
            "quoteQty": "69.05628000",
            "time": 1732290321623,
            "isBuyerMaker": true,
            "isBestMatch": true
        },
        {
            "id": 1111649,
            "price": "0.40149000",
            "qty": "160.00000000",
            "quoteQty": "64.23840000",
            "time": 1732290323893,
            "isBuyerMaker": true,
            "isBestMatch": true
        },
        {
            "id": 1111650,
            "price": "0.40149000",
            "qty": "128.00000000",
            "quoteQty": "51.39072000",
            "time": 1732290326039,
            "isBuyerMaker": true,
            "isBestMatch": true
        },
        {
            "id": 1111651,
            "price": "0.40149000",
            "qty": "180.00000000",
            "quoteQty": "72.26820000",
            "time": 1732290326048,
            "isBuyerMaker": true,
            "isBestMatch": true
        },
        {
            "id": 1111652,
            "price": "0.40149000",
            "qty": "227.00000000",
            "quoteQty": "91.13823000",
            "time": 1732290326058,
            "isBuyerMaker": true,
            "isBestMatch": true
        },
        {
            "id": 1111653,
            "price": "0.40139000",
            "qty": "177.00000000",
            "quoteQty": "71.04603000",
            "time": 1732290328072,
            "isBuyerMaker": true,
            "isBestMatch": true
        },
        {
            "id": 1111654,
            "price": "0.40139000",
            "qty": "55.00000000",
            "quoteQty": "22.07645000",
            "time": 1732290328079,
            "isBuyerMaker": true,
            "isBestMatch": true
        },
        {
            "id": 1111655,
            "price": "0.40139000",
            "qty": "147.00000000",
            "quoteQty": "59.00433000",
            "time": 1732290328079,
            "isBuyerMaker": true,
            "isBestMatch": true
        },
        {
            "id": 1111656,
            "price": "0.40139000",
            "qty": "148.00000000",
            "quoteQty": "59.40572000",
            "time": 1732290328089,
            "isBuyerMaker": true,
            "isBestMatch": true
        },
        {
            "id": 1111657,
            "price": "0.40139000",
            "qty": "143.00000000",
            "quoteQty": "57.39877000",
            "time": 1732290328096,
            "isBuyerMaker": true,
            "isBestMatch": true
        },
        {
            "id": 1111658,
            "price": "0.40139000",
            "qty": "190.00000000",
            "quoteQty": "76.26410000",
            "time": 1732290328115,
            "isBuyerMaker": true,
            "isBestMatch": true
        },
        {
            "id": 1111659,
            "price": "0.40139000",
            "qty": "227.00000000",
            "quoteQty": "91.11553000",
            "time": 1732290328131,
            "isBuyerMaker": true,
            "isBestMatch": true
        },
        {
            "id": 1111660,
            "price": "0.40140000",
            "qty": "180.00000000",
            "quoteQty": "72.25200000",
            "time": 1732290336526,
            "isBuyerMaker": false,
            "isBestMatch": true
        },
        {
            "id": 1111661,
            "price": "0.40141000",
            "qty": "140.00000000",
            "quoteQty": "56.19740000",
            "time": 1732290337506,
            "isBuyerMaker": false,
            "isBestMatch": true
        },
        {
            "id": 1111662,
            "price": "0.40142000",
            "qty": "85.00000000",
            "quoteQty": "34.12070000",
            "time": 1732290337506,
            "isBuyerMaker": false,
            "isBestMatch": true
        },
        {
            "id": 1111663,
            "price": "0.40142000",
            "qty": "160.00000000",
            "quoteQty": "64.22720000",
            "time": 1732290337512,
            "isBuyerMaker": false,
            "isBestMatch": true
        },
        {
            "id": 1111664,
            "price": "0.40143000",
            "qty": "28.00000000",
            "quoteQty": "11.24004000",
            "time": 1732290337523,
            "isBuyerMaker": false,
            "isBestMatch": true
        },
        {
            "id": 1111665,
            "price": "0.40141000",
            "qty": "160.00000000",
            "quoteQty": "64.22560000",
            "time": 1732290340539,
            "isBuyerMaker": false,
            "isBestMatch": true
        },
        {
            "id": 1111666,
            "price": "0.40142000",
            "qty": "27.00000000",
            "quoteQty": "10.83834000",
            "time": 1732290341526,
            "isBuyerMaker": false,
            "isBestMatch": true
        },
        {
            "id": 1111667,
            "price": "0.40139000",
            "qty": "210.00000000",
            "quoteQty": "84.29190000",
            "time": 1732290342744,
            "isBuyerMaker": true,
            "isBestMatch": true
        },
        {
            "id": 1111668,
            "price": "0.40139000",
            "qty": "162.00000000",
            "quoteQty": "65.02518000",
            "time": 1732290342753,
            "isBuyerMaker": true,
            "isBestMatch": true
        },
        {
            "id": 1111669,
            "price": "0.40139000",
            "qty": "220.00000000",
            "quoteQty": "88.30580000",
            "time": 1732290342759,
            "isBuyerMaker": true,
            "isBestMatch": true
        },
        {
            "id": 1111670,
            "price": "0.40139000",
            "qty": "215.00000000",
            "quoteQty": "86.29885000",
            "time": 1732290342766,
            "isBuyerMaker": true,
            "isBestMatch": true
        },
        {
            "id": 1111671,
            "price": "0.40139000",
            "qty": "190.00000000",
            "quoteQty": "76.26410000",
            "time": 1732290345202,
            "isBuyerMaker": true,
            "isBestMatch": true
        },
        {
            "id": 1111672,
            "price": "0.40139000",
            "qty": "235.00000000",
            "quoteQty": "94.32665000",
            "time": 1732290348815,
            "isBuyerMaker": true,
            "isBestMatch": true
        },
        {
            "id": 1111673,
            "price": "0.40140000",
            "qty": "151.00000000",
            "quoteQty": "60.61140000",
            "time": 1732290350523,
            "isBuyerMaker": false,
            "isBestMatch": true
        },
        {
            "id": 1111674,
            "price": "0.40139000",
            "qty": "175.00000000",
            "quoteQty": "70.24325000",
            "time": 1732290351604,
            "isBuyerMaker": true,
            "isBestMatch": true
        },
        {
            "id": 1111675,
            "price": "0.40139000",
            "qty": "125.00000000",
            "quoteQty": "50.17375000",
            "time": 1732290351621,
            "isBuyerMaker": true,
            "isBestMatch": true
        },
        {
            "id": 1111676,
            "price": "0.40139000",
            "qty": "220.00000000",
            "quoteQty": "88.30580000",
            "time": 1732290351695,
            "isBuyerMaker": true,
            "isBestMatch": true
        },
        {
            "id": 1111677,
            "price": "0.40139000",
            "qty": "178.00000000",
            "quoteQty": "71.44742000",
            "time": 1732290354484,
            "isBuyerMaker": true,
            "isBestMatch": true
        },
        {
            "id": 1111678,
            "price": "0.40140000",
            "qty": "89.00000000",
            "quoteQty": "35.72460000",
            "time": 1732290355524,
            "isBuyerMaker": false,
            "isBestMatch": true
        },
        {
            "id": 1111679,
            "price": "0.40142000",
            "qty": "65.00000000",
            "quoteQty": "26.09230000",
            "time": 1732290356527,
            "isBuyerMaker": false,
            "isBestMatch": true
        },
        {
            "id": 1111680,
            "price": "0.40139000",
            "qty": "135.00000000",
            "quoteQty": "54.18765000",
            "time": 1732290357193,
            "isBuyerMaker": true,
            "isBestMatch": true
        },
        {
            "id": 1111681,
            "price": "0.40139000",
            "qty": "225.00000000",
            "quoteQty": "90.31275000",
            "time": 1732290357201,
            "isBuyerMaker": true,
            "isBestMatch": true
        },
        {
            "id": 1111682,
            "price": "0.40139000",
            "qty": "125.00000000",
            "quoteQty": "50.17375000",
            "time": 1732290357219,
            "isBuyerMaker": true,
            "isBestMatch": true
        },
        {
            "id": 1111683,
            "price": "0.40139000",
            "qty": "232.00000000",
            "quoteQty": "93.12248000",
            "time": 1732290357236,
            "isBuyerMaker": true,
            "isBestMatch": true
        },
        {
            "id": 1111684,
            "price": "0.40139000",
            "qty": "202.00000000",
            "quoteQty": "81.08078000",
            "time": 1732290357254,
            "isBuyerMaker": true,
            "isBestMatch": true
        },
        {
            "id": 1111685,
            "price": "0.40139000",
            "qty": "225.00000000",
            "quoteQty": "90.31275000",
            "time": 1732290359972,
            "isBuyerMaker": true,
            "isBestMatch": true
        },
        {
            "id": 1111686,
            "price": "0.40139000",
            "qty": "217.00000000",
            "quoteQty": "87.10163000",
            "time": 1732290359987,
            "isBuyerMaker": true,
            "isBestMatch": true
        },
        {
            "id": 1111687,
            "price": "0.40139000",
            "qty": "170.00000000",
            "quoteQty": "68.23630000",
            "time": 1732290362355,
            "isBuyerMaker": true,
            "isBestMatch": true
        },
        {
            "id": 1111688,
            "price": "0.40139000",
            "qty": "128.00000000",
            "quoteQty": "51.37792000",
            "time": 1732290364065,
            "isBuyerMaker": true,
            "isBestMatch": true
        },
        {
            "id": 1111689,
            "price": "0.40139000",
            "qty": "177.00000000",
            "quoteQty": "71.04603000",
            "time": 1732290365990,
            "isBuyerMaker": true,
            "isBestMatch": true
        },
        {
            "id": 1111690,
            "price": "0.40139000",
            "qty": "200.00000000",
            "quoteQty": "80.27800000",
            "time": 1732290366012,
            "isBuyerMaker": true,
            "isBestMatch": true
        },
        {
            "id": 1111691,
            "price": "0.40139000",
            "qty": "205.00000000",
            "quoteQty": "82.28495000",
            "time": 1732290366021,
            "isBuyerMaker": true,
            "isBestMatch": true
        },
        {
            "id": 1111692,
            "price": "0.40139000",
            "qty": "227.00000000",
            "quoteQty": "91.11553000",
            "time": 1732290366040,
            "isBuyerMaker": true,
            "isBestMatch": true
        },
        {
            "id": 1111693,
            "price": "0.40139000",
            "qty": "205.00000000",
            "quoteQty": "82.28495000",
            "time": 1732290366059,
            "isBuyerMaker": true,
            "isBestMatch": true
        },
        {
            "id": 1111694,
            "price": "0.40142000",
            "qty": "130.00000000",
            "quoteQty": "52.18460000",
            "time": 1732290366530,
            "isBuyerMaker": false,
            "isBestMatch": true
        },
        {
            "id": 1111695,
            "price": "0.40139000",
            "qty": "187.00000000",
            "quoteQty": "75.05993000",
            "time": 1732290370700,
            "isBuyerMaker": true,
            "isBestMatch": true
        },
        {
            "id": 1111696,
            "price": "0.40142000",
            "qty": "28.00000000",
            "quoteQty": "11.23976000",
            "time": 1732290371527,
            "isBuyerMaker": false,
            "isBestMatch": true
        },
        {
            "id": 1111697,
            "price": "0.40144000",
            "qty": "140.00000000",
            "quoteQty": "56.20160000",
            "time": 1732290372524,
            "isBuyerMaker": false,
            "isBestMatch": true
        },
        {
            "id": 1111698,
            "price": "0.40139000",
            "qty": "125.00000000",
            "quoteQty": "50.17375000",
            "time": 1732290372595,
            "isBuyerMaker": true,
            "isBestMatch": true
        },
        {
            "id": 1111699,
            "price": "0.40139000",
            "qty": "232.00000000",
            "quoteQty": "93.12248000",
            "time": 1732290372605,
            "isBuyerMaker": true,
            "isBestMatch": true
        },
        {
            "id": 1111700,
            "price": "0.40139000",
            "qty": "185.00000000",
            "quoteQty": "74.25715000",
            "time": 1732290372614,
            "isBuyerMaker": true,
            "isBestMatch": true
        },
        {
            "id": 1111701,
            "price": "0.40147000",
            "qty": "84.00000000",
            "quoteQty": "33.72348000",
            "time": 1732290373526,
            "isBuyerMaker": false,
            "isBestMatch": true
        },
        {
            "id": 1111702,
            "price": "0.40145000",
            "qty": "182.00000000",
            "quoteQty": "73.06390000",
            "time": 1732290378528,
            "isBuyerMaker": false,
            "isBestMatch": true
        },
        {
            "id": 1111703,
            "price": "0.40148000",
            "qty": "44.00000000",
            "quoteQty": "17.66512000",
            "time": 1732290379527,
            "isBuyerMaker": false,
            "isBestMatch": true
        },
        {
            "id": 1111704,
            "price": "0.40139000",
            "qty": "150.00000000",
            "quoteQty": "60.20850000",
            "time": 1732290380901,
            "isBuyerMaker": true,
            "isBestMatch": true
        },
        {
            "id": 1111705,
            "price": "0.40139000",
            "qty": "182.00000000",
            "quoteQty": "73.05298000",
            "time": 1732290380909,
            "isBuyerMaker": true,
            "isBestMatch": true
        },
        {
            "id": 1111706,
            "price": "0.40139000",
            "qty": "177.00000000",
            "quoteQty": "71.04603000",
            "time": 1732290380916,
            "isBuyerMaker": true,
            "isBestMatch": true
        },
        {
            "id": 1111707,
            "price": "0.40139000",
            "qty": "192.00000000",
            "quoteQty": "77.06688000",
            "time": 1732290380931,
            "isBuyerMaker": true,
            "isBestMatch": true
        },
        {
            "id": 1111708,
            "price": "0.40139000",
            "qty": "212.00000000",
            "quoteQty": "85.09468000",
            "time": 1732290380948,
            "isBuyerMaker": true,
            "isBestMatch": true
        },
        {
            "id": 1111709,
            "price": "0.40139000",
            "qty": "165.00000000",
            "quoteQty": "66.22935000",
            "time": 1732290380966,
            "isBuyerMaker": true,
            "isBestMatch": true
        },
        {
            "id": 1111710,
            "price": "0.40139000",
            "qty": "232.00000000",
            "quoteQty": "93.12248000",
            "time": 1732290380977,
            "isBuyerMaker": true,
            "isBestMatch": true
        },
        {
            "id": 1111711,
            "price": "0.40139000",
            "qty": "177.00000000",
            "quoteQty": "71.04603000",
            "time": 1732290380994,
            "isBuyerMaker": true,
            "isBestMatch": true
        },
        {
            "id": 1111712,
            "price": "0.40139000",
            "qty": "162.00000000",
            "quoteQty": "65.02518000",
            "time": 1732290383026,
            "isBuyerMaker": true,
            "isBestMatch": true
        },
        {
            "id": 1111713,
            "price": "0.40141000",
            "qty": "130.00000000",
            "quoteQty": "52.18330000",
            "time": 1732290383530,
            "isBuyerMaker": false,
            "isBestMatch": true
        },
        {
            "id": 1111714,
            "price": "0.40139000",
            "qty": "237.00000000",
            "quoteQty": "95.12943000",
            "time": 1732290385143,
            "isBuyerMaker": true,
            "isBestMatch": true
        },
        {
            "id": 1111715,
            "price": "0.40139000",
            "qty": "212.00000000",
            "quoteQty": "85.09468000",
            "time": 1732290385153,
            "isBuyerMaker": true,
            "isBestMatch": true
        },
        {
            "id": 1111716,
            "price": "0.40139000",
            "qty": "225.00000000",
            "quoteQty": "90.31275000",
            "time": 1732290385162,
            "isBuyerMaker": true,
            "isBestMatch": true
        },
        {
            "id": 1111717,
            "price": "0.40141000",
            "qty": "35.00000000",
            "quoteQty": "14.04935000",
            "time": 1732290387246,
            "isBuyerMaker": false,
            "isBestMatch": true
        },
        {
            "id": 1111718,
            "price": "0.40142000",
            "qty": "28.00000000",
            "quoteQty": "11.23976000",
            "time": 1732290387246,
            "isBuyerMaker": false,
            "isBestMatch": true
        },
        {
            "id": 1111719,
            "price": "0.40139000",
            "qty": "217.00000000",
            "quoteQty": "87.10163000",
            "time": 1732290387484,
            "isBuyerMaker": true,
            "isBestMatch": true
        },
        {
            "id": 1111720,
            "price": "0.40139000",
            "qty": "210.00000000",
            "quoteQty": "84.29190000",
            "time": 1732290387493,
            "isBuyerMaker": true,
            "isBestMatch": true
        },
        {
            "id": 1111721,
            "price": "0.40142000",
            "qty": "129.00000000",
            "quoteQty": "51.78318000",
            "time": 1732290389528,
            "isBuyerMaker": false,
            "isBestMatch": true
        },
        {
            "id": 1111722,
            "price": "0.40139000",
            "qty": "210.00000000",
            "quoteQty": "84.29190000",
            "time": 1732290389549,
            "isBuyerMaker": true,
            "isBestMatch": true
        },
        {
            "id": 1111723,
            "price": "0.40147000",
            "qty": "130.00000000",
            "quoteQty": "52.19110000",
            "time": 1732290391528,
            "isBuyerMaker": false,
            "isBestMatch": true
        },
        {
            "id": 1111724,
            "price": "0.40143000",
            "qty": "157.00000000",
            "quoteQty": "63.02451000",
            "time": 1732290393244,
            "isBuyerMaker": true,
            "isBestMatch": true
        },
        {
            "id": 1111725,
            "price": "0.40142000",
            "qty": "170.00000000",
            "quoteQty": "68.24140000",
            "time": 1732290393244,
            "isBuyerMaker": true,
            "isBestMatch": true
        },
        {
            "id": 1111726,
            "price": "0.40139000",
            "qty": "18084.00000000",
            "quoteQty": "7258.73676000",
            "time": 1732290393244,
            "isBuyerMaker": true,
            "isBestMatch": true
        },
        {
            "id": 1111727,
            "price": "0.40148000",
            "qty": "123.00000000",
            "quoteQty": "49.38204000",
            "time": 1732290394657,
            "isBuyerMaker": false,
            "isBestMatch": true
        },
        {
            "id": 1111728,
            "price": "0.40149000",
            "qty": "5.00000000",
            "quoteQty": "2.00745000",
            "time": 1732290394657,
            "isBuyerMaker": false,
            "isBestMatch": true
        },
        {
            "id": 1111729,
            "price": "0.40151000",
            "qty": "135.00000000",
            "quoteQty": "54.20385000",
            "time": 1732290395845,
            "isBuyerMaker": false,
            "isBestMatch": true
        },
        {
            "id": 1111730,
            "price": "0.40153000",
            "qty": "111.00000000",
            "quoteQty": "44.56983000",
            "time": 1732290395845,
            "isBuyerMaker": false,
            "isBestMatch": true
        },
        {
            "id": 1111731,
            "price": "0.40153000",
            "qty": "131.00000000",
            "quoteQty": "52.60043000",
            "time": 1732290397666,
            "isBuyerMaker": false,
            "isBestMatch": true
        },
        {
            "id": 1111732,
            "price": "0.40155000",
            "qty": "49.00000000",
            "quoteQty": "19.67595000",
            "time": 1732290397666,
            "isBuyerMaker": false,
            "isBestMatch": true
        },
        {
            "id": 1111733,
            "price": "0.40139000",
            "qty": "246.00000000",
            "quoteQty": "98.74194000",
            "time": 1732290399881,
            "isBuyerMaker": true,
            "isBestMatch": true
        },
        {
            "id": 1111734,
            "price": "0.40166000",
            "qty": "147.00000000",
            "quoteQty": "59.04402000",
            "time": 1732290400697,
            "isBuyerMaker": false,
            "isBestMatch": true
        },
        {
            "id": 1111735,
            "price": "0.40166000",
            "qty": "28.00000000",
            "quoteQty": "11.24648000",
            "time": 1732290400705,
            "isBuyerMaker": false,
            "isBestMatch": true
        },
        {
            "id": 1111736,
            "price": "0.40168000",
            "qty": "134.00000000",
            "quoteQty": "53.82512000",
            "time": 1732290400705,
            "isBuyerMaker": false,
            "isBestMatch": true
        },
        {
            "id": 1111737,
            "price": "0.40168000",
            "qty": "101.00000000",
            "quoteQty": "40.56968000",
            "time": 1732290400712,
            "isBuyerMaker": false,
            "isBestMatch": true
        },
        {
            "id": 1111738,
            "price": "0.40171000",
            "qty": "89.00000000",
            "quoteQty": "35.75219000",
            "time": 1732290400712,
            "isBuyerMaker": false,
            "isBestMatch": true
        },
        {
            "id": 1111739,
            "price": "0.40171000",
            "qty": "88.00000000",
            "quoteQty": "35.35048000",
            "time": 1732290400734,
            "isBuyerMaker": false,
            "isBestMatch": true
        },
        {
            "id": 1111740,
            "price": "0.40184000",
            "qty": "192.00000000",
            "quoteQty": "77.15328000",
            "time": 1732290402166,
            "isBuyerMaker": false,
            "isBestMatch": true
        },
        {
            "id": 1111741,
            "price": "0.40185000",
            "qty": "54.00000000",
            "quoteQty": "21.69990000",
            "time": 1732290402166,
            "isBuyerMaker": false,
            "isBestMatch": true
        },
        {
            "id": 1111742,
            "price": "0.40185000",
            "qty": "128.00000000",
            "quoteQty": "51.43680000",
            "time": 1732290403462,
            "isBuyerMaker": false,
            "isBestMatch": true
        },
        {
            "id": 1111743,
            "price": "0.40186000",
            "qty": "17.00000000",
            "quoteQty": "6.83162000",
            "time": 1732290403462,
            "isBuyerMaker": false,
            "isBestMatch": true
        },
        {
            "id": 1111744,
            "price": "0.40186000",
            "qty": "125.00000000",
            "quoteQty": "50.23250000",
            "time": 1732290403485,
            "isBuyerMaker": false,
            "isBestMatch": true
        },
        {
            "id": 1111745,
            "price": "0.40180000",
            "qty": "141.00000000",
            "quoteQty": "56.65380000",
            "time": 1732290404079,
            "isBuyerMaker": true,
            "isBestMatch": true
        },
        {
            "id": 1111746,
            "price": "0.40179000",
            "qty": "105.00000000",
            "quoteQty": "42.18795000",
            "time": 1732290404079,
            "isBuyerMaker": true,
            "isBestMatch": true
        },
        {
            "id": 1111747,
            "price": "0.40198000",
            "qty": "202.00000000",
            "quoteQty": "81.19996000",
            "time": 1732290406382,
            "isBuyerMaker": false,
            "isBestMatch": true
        },
        {
            "id": 1111748,
            "price": "0.40204000",
            "qty": "44.00000000",
            "quoteQty": "17.68976000",
            "time": 1732290406382,
            "isBuyerMaker": false,
            "isBestMatch": true
        },
        {
            "id": 1111749,
            "price": "0.40194000",
            "qty": "152.00000000",
            "quoteQty": "61.09488000",
            "time": 1732290406529,
            "isBuyerMaker": true,
            "isBestMatch": true
        },
        {
            "id": 1111750,
            "price": "0.40179000",
            "qty": "139.00000000",
            "quoteQty": "55.84881000",
            "time": 1732290408337,
            "isBuyerMaker": true,
            "isBestMatch": true
        },
        {
            "id": 1111751,
            "price": "0.40179000",
            "qty": "107.00000000",
            "quoteQty": "42.99153000",
            "time": 1732290408337,
            "isBuyerMaker": true,
            "isBestMatch": true
        },
        {
            "id": 1111752,
            "price": "0.40197000",
            "qty": "162.00000000",
            "quoteQty": "65.11914000",
            "time": 1732290409523,
            "isBuyerMaker": true,
            "isBestMatch": true
        },
        {
            "id": 1111753,
            "price": "0.40196000",
            "qty": "189.00000000",
            "quoteQty": "75.97044000",
            "time": 1732290410534,
            "isBuyerMaker": true,
            "isBestMatch": true
        },
        {
            "id": 1111754,
            "price": "0.40199000",
            "qty": "142.00000000",
            "quoteQty": "57.08258000",
            "time": 1732290411340,
            "isBuyerMaker": false,
            "isBestMatch": true
        },
        {
            "id": 1111755,
            "price": "0.40204000",
            "qty": "104.00000000",
            "quoteQty": "41.81216000",
            "time": 1732290411340,
            "isBuyerMaker": false,
            "isBestMatch": true
        },
        {
            "id": 1111756,
            "price": "0.40172000",
            "qty": "244.00000000",
            "quoteQty": "98.01968000",
            "time": 1732290413391,
            "isBuyerMaker": true,
            "isBestMatch": true
        },
        {
            "id": 1111757,
            "price": "0.40172000",
            "qty": "2.00000000",
            "quoteQty": "0.80344000",
            "time": 1732290413391,
            "isBuyerMaker": true,
            "isBestMatch": true
        },
        {
            "id": 1111758,
            "price": "0.40172000",
            "qty": "40.00000000",
            "quoteQty": "16.06880000",
            "time": 1732290413533,
            "isBuyerMaker": true,
            "isBestMatch": true
        },
        {
            "id": 1111759,
            "price": "0.40172000",
            "qty": "56.00000000",
            "quoteQty": "22.49632000",
            "time": 1732290414530,
            "isBuyerMaker": true,
            "isBestMatch": true
        },
        {
            "id": 1111760,
            "price": "0.40167000",
            "qty": "227.00000000",
            "quoteQty": "91.17909000",
            "time": 1732290416043,
            "isBuyerMaker": false,
            "isBestMatch": true
        },
        {
            "id": 1111761,
            "price": "0.40173000",
            "qty": "19.00000000",
            "quoteQty": "7.63287000",
            "time": 1732290416043,
            "isBuyerMaker": false,
            "isBestMatch": true
        },
        {
            "id": 1111762,
            "price": "0.40166000",
            "qty": "130.00000000",
            "quoteQty": "52.21580000",
            "time": 1732290418810,
            "isBuyerMaker": true,
            "isBestMatch": true
        },
        {
            "id": 1111763,
            "price": "0.40173000",
            "qty": "230.00000000",
            "quoteQty": "92.39790000",
            "time": 1732290419704,
            "isBuyerMaker": false,
            "isBestMatch": true
        },
        {
            "id": 1111764,
            "price": "0.40204000",
            "qty": "39.00000000",
            "quoteQty": "15.67956000",
            "time": 1732290419704,
            "isBuyerMaker": false,
            "isBestMatch": true
        },
        {
            "id": 1111765,
            "price": "0.40205000",
            "qty": "199.00000000",
            "quoteQty": "80.00795000",
            "time": 1732290419704,
            "isBuyerMaker": false,
            "isBestMatch": true
        },
        {
            "id": 1111766,
            "price": "0.40156000",
            "qty": "250.00000000",
            "quoteQty": "100.39000000",
            "time": 1732290422305,
            "isBuyerMaker": true,
            "isBestMatch": true
        },
        {
            "id": 1111767,
            "price": "0.40156000",
            "qty": "714.00000000",
            "quoteQty": "286.71384000",
            "time": 1732290422442,
            "isBuyerMaker": true,
            "isBestMatch": true
        },
        {
            "id": 1111768,
            "price": "0.40156000",
            "qty": "227.00000000",
            "quoteQty": "91.15412000",
            "time": 1732290424739,
            "isBuyerMaker": true,
            "isBestMatch": true
        },
        {
            "id": 1111769,
            "price": "0.46367000",
            "qty": "246.00000000",
            "quoteQty": "114.06282000",
            "time": 1732290424757,
            "isBuyerMaker": false,
            "isBestMatch": true
        },
        {
            "id": 1111770,
            "price": "0.40156000",
            "qty": "202.00000000",
            "quoteQty": "81.11512000",
            "time": 1732290426644,
            "isBuyerMaker": true,
            "isBestMatch": true
        },
        {
            "id": 1111771,
            "price": "0.40156000",
            "qty": "128.00000000",
            "quoteQty": "51.39968000",
            "time": 1732290426654,
            "isBuyerMaker": true,
            "isBestMatch": true
        },
        {
            "id": 1111772,
            "price": "0.40156000",
            "qty": "246.00000000",
            "quoteQty": "98.78376000",
            "time": 1732290426817,
            "isBuyerMaker": true,
            "isBestMatch": true
        },
        {
            "id": 1111773,
            "price": "0.40156000",
            "qty": "180.00000000",
            "quoteQty": "72.28080000",
            "time": 1732290428914,
            "isBuyerMaker": true,
            "isBestMatch": true
        },
        {
            "id": 1111774,
            "price": "0.46367000",
            "qty": "246.00000000",
            "quoteQty": "114.06282000",
            "time": 1732290429311,
            "isBuyerMaker": false,
            "isBestMatch": true
        },
        {
            "id": 1111775,
            "price": "0.40144000",
            "qty": "162.00000000",
            "quoteQty": "65.03328000",
            "time": 1732290431482,
            "isBuyerMaker": true,
            "isBestMatch": true
        },
        {
            "id": 1111776,
            "price": "0.40141000",
            "qty": "84.00000000",
            "quoteQty": "33.71844000",
            "time": 1732290431482,
            "isBuyerMaker": true,
            "isBestMatch": true
        },
        {
            "id": 1111777,
            "price": "0.40149000",
            "qty": "145.00000000",
            "quoteQty": "58.21605000",
            "time": 1732290432724,
            "isBuyerMaker": false,
            "isBestMatch": true
        },
        {
            "id": 1111778,
            "price": "0.40150000",
            "qty": "75.00000000",
            "quoteQty": "30.11250000",
            "time": 1732290432724,
            "isBuyerMaker": false,
            "isBestMatch": true
        },
        {
            "id": 1111779,
            "price": "0.40151000",
            "qty": "246.00000000",
            "quoteQty": "98.77146000",
            "time": 1732290433790,
            "isBuyerMaker": false,
            "isBestMatch": true
        },
        {
            "id": 1111780,
            "price": "0.40151000",
            "qty": "4.00000000",
            "quoteQty": "1.60604000",
            "time": 1732290434889,
            "isBuyerMaker": false,
            "isBestMatch": true
        },
        {
            "id": 1111781,
            "price": "0.40152000",
            "qty": "145.00000000",
            "quoteQty": "58.22040000",
            "time": 1732290434889,
            "isBuyerMaker": false,
            "isBestMatch": true
        },
        {
            "id": 1111782,
            "price": "0.40154000",
            "qty": "232.00000000",
            "quoteQty": "93.15728000",
            "time": 1732290437924,
            "isBuyerMaker": false,
            "isBestMatch": true
        },
        {
            "id": 1111783,
            "price": "0.40160000",
            "qty": "160.00000000",
            "quoteQty": "64.25600000",
            "time": 1732290439864,
            "isBuyerMaker": false,
            "isBestMatch": true
        },
        {
            "id": 1111784,
            "price": "0.40160000",
            "qty": "25.00000000",
            "quoteQty": "10.04000000",
            "time": 1732290439872,
            "isBuyerMaker": false,
            "isBestMatch": true
        },
        {
            "id": 1111785,
            "price": "0.40161000",
            "qty": "100.00000000",
            "quoteQty": "40.16100000",
            "time": 1732290439872,
            "isBuyerMaker": false,
            "isBestMatch": true
        },
        {
            "id": 1111786,
            "price": "0.40161000",
            "qty": "142.00000000",
            "quoteQty": "57.02862000",
            "time": 1732290439879,
            "isBuyerMaker": false,
            "isBestMatch": true
        },
        {
            "id": 1111787,
            "price": "0.40161000",
            "qty": "23.00000000",
            "quoteQty": "9.23703000",
            "time": 1732290442126,
            "isBuyerMaker": true,
            "isBestMatch": true
        },
        {
            "id": 1111788,
            "price": "0.40159000",
            "qty": "15.00000000",
            "quoteQty": "6.02385000",
            "time": 1732290442126,
            "isBuyerMaker": true,
            "isBestMatch": true
        },
        {
            "id": 1111789,
            "price": "0.40157000",
            "qty": "162.00000000",
            "quoteQty": "65.05434000",
            "time": 1732290442126,
            "isBuyerMaker": true,
            "isBestMatch": true
        },
        {
            "id": 1111790,
            "price": "0.40153000",
            "qty": "43.00000000",
            "quoteQty": "17.26579000",
            "time": 1732290442126,
            "isBuyerMaker": true,
            "isBestMatch": true
        },
        {
            "id": 1111791,
            "price": "0.40152000",
            "qty": "3.00000000",
            "quoteQty": "1.20456000",
            "time": 1732290442126,
            "isBuyerMaker": true,
            "isBestMatch": true
        },
        {
            "id": 1111792,
            "price": "0.40164000",
            "qty": "142.00000000",
            "quoteQty": "57.03288000",
            "time": 1732290442346,
            "isBuyerMaker": false,
            "isBestMatch": true
        },
        {
            "id": 1111793,
            "price": "0.40175000",
            "qty": "41.00000000",
            "quoteQty": "16.47175000",
            "time": 1732290442528,
            "isBuyerMaker": true,
            "isBestMatch": true
        },
        {
            "id": 1111794,
            "price": "0.40175000",
            "qty": "61.00000000",
            "quoteQty": "24.50675000",
            "time": 1732290443528,
            "isBuyerMaker": true,
            "isBestMatch": true
        },
        {
            "id": 1111795,
            "price": "0.40173000",
            "qty": "232.00000000",
            "quoteQty": "93.20136000",
            "time": 1732290444420,
            "isBuyerMaker": false,
            "isBestMatch": true
        },
        {
            "id": 1111796,
            "price": "0.40176000",
            "qty": "13.00000000",
            "quoteQty": "5.22288000",
            "time": 1732290444420,
            "isBuyerMaker": false,
            "isBestMatch": true
        },
        {
            "id": 1111797,
            "price": "0.40176000",
            "qty": "124.00000000",
            "quoteQty": "49.81824000",
            "time": 1732290445966,
            "isBuyerMaker": false,
            "isBestMatch": true
        },
        {
            "id": 1111798,
            "price": "0.40177000",
            "qty": "1.00000000",
            "quoteQty": "0.40177000",
            "time": 1732290445966,
            "isBuyerMaker": false,
            "isBestMatch": true
        },
        {
            "id": 1111799,
            "price": "0.40180000",
            "qty": "180.00000000",
            "quoteQty": "72.32400000",
            "time": 1732290447879,
            "isBuyerMaker": false,
            "isBestMatch": true
        },
        {
            "id": 1111800,
            "price": "0.40187000",
            "qty": "67.00000000",
            "quoteQty": "26.92529000",
            "time": 1732290448527,
            "isBuyerMaker": true,
            "isBestMatch": true
        },
        {
            "id": 1111801,
            "price": "0.40186000",
            "qty": "36.00000000",
            "quoteQty": "14.46696000",
            "time": 1732290449529,
            "isBuyerMaker": true,
            "isBestMatch": true
        },
        {
            "id": 1111802,
            "price": "0.40188000",
            "qty": "125.00000000",
            "quoteQty": "50.23500000",
            "time": 1732290449900,
            "isBuyerMaker": false,
            "isBestMatch": true
        },
        {
            "id": 1111803,
            "price": "0.40189000",
            "qty": "109.00000000",
            "quoteQty": "43.80601000",
            "time": 1732290449900,
            "isBuyerMaker": false,
            "isBestMatch": true
        },
        {
            "id": 1111804,
            "price": "0.40189000",
            "qty": "138.00000000",
            "quoteQty": "55.46082000",
            "time": 1732290449916,
            "isBuyerMaker": false,
            "isBestMatch": true
        },
        {
            "id": 1111805,
            "price": "0.40192000",
            "qty": "39.00000000",
            "quoteQty": "15.67488000",
            "time": 1732290449916,
            "isBuyerMaker": false,
            "isBestMatch": true
        },
        {
            "id": 1111806,
            "price": "0.40192000",
            "qty": "137.00000000",
            "quoteQty": "55.06304000",
            "time": 1732290449932,
            "isBuyerMaker": false,
            "isBestMatch": true
        },
        {
            "id": 1111807,
            "price": "0.40186000",
            "qty": "131.00000000",
            "quoteQty": "52.64366000",
            "time": 1732290450411,
            "isBuyerMaker": true,
            "isBestMatch": true
        },
        {
            "id": 1111808,
            "price": "0.40172000",
            "qty": "114.00000000",
            "quoteQty": "45.79608000",
            "time": 1732290450411,
            "isBuyerMaker": true,
            "isBestMatch": true
        },
        {
            "id": 1111809,
            "price": "0.40195000",
            "qty": "187.00000000",
            "quoteQty": "75.16465000",
            "time": 1732290450527,
            "isBuyerMaker": false,
            "isBestMatch": true
        },
        {
            "id": 1111810,
            "price": "0.40196000",
            "qty": "170.00000000",
            "quoteQty": "68.33320000",
            "time": 1732290451532,
            "isBuyerMaker": false,
            "isBestMatch": true
        },
        {
            "id": 1111811,
            "price": "0.40190000",
            "qty": "159.00000000",
            "quoteQty": "63.90210000",
            "time": 1732290452527,
            "isBuyerMaker": true,
            "isBestMatch": true
        },
        {
            "id": 1111812,
            "price": "0.40197000",
            "qty": "195.00000000",
            "quoteQty": "78.38415000",
            "time": 1732290452531,
            "isBuyerMaker": false,
            "isBestMatch": true
        },
        {
            "id": 1111813,
            "price": "0.40197000",
            "qty": "12.00000000",
            "quoteQty": "4.82364000",
            "time": 1732290452698,
            "isBuyerMaker": false,
            "isBestMatch": true
        },
        {
            "id": 1111814,
            "price": "0.40198000",
            "qty": "209.00000000",
            "quoteQty": "84.01382000",
            "time": 1732290452698,
            "isBuyerMaker": false,
            "isBestMatch": true
        },
        {
            "id": 1111815,
            "price": "0.40200000",
            "qty": "24.00000000",
            "quoteQty": "9.64800000",
            "time": 1732290452698,
            "isBuyerMaker": false,
            "isBestMatch": true
        },
        {
            "id": 1111816,
            "price": "0.40181000",
            "qty": "147.00000000",
            "quoteQty": "59.06607000",
            "time": 1732290457529,
            "isBuyerMaker": true,
            "isBestMatch": true
        },
        {
            "id": 1111817,
            "price": "0.40182000",
            "qty": "244.00000000",
            "quoteQty": "98.04408000",
            "time": 1732290458150,
            "isBuyerMaker": false,
            "isBestMatch": true
        },
        {
            "id": 1111818,
            "price": "0.40184000",
            "qty": "142.00000000",
            "quoteQty": "57.06128000",
            "time": 1732290458150,
            "isBuyerMaker": false,
            "isBestMatch": true
        },
        {
            "id": 1111819,
            "price": "0.40200000",
            "qty": "105.00000000",
            "quoteQty": "42.21000000",
            "time": 1732290458150,
            "isBuyerMaker": false,
            "isBestMatch": true
        },
        {
            "id": 1111820,
            "price": "0.40178000",
            "qty": "212.00000000",
            "quoteQty": "85.17736000",
            "time": 1732290458532,
            "isBuyerMaker": true,
            "isBestMatch": true
        },
        {
            "id": 1111821,
            "price": "0.40177000",
            "qty": "160.00000000",
            "quoteQty": "64.28320000",
            "time": 1732290459524,
            "isBuyerMaker": true,
            "isBestMatch": true
        },
        {
            "id": 1111822,
            "price": "0.40166000",
            "qty": "37.00000000",
            "quoteQty": "14.86142000",
            "time": 1732290460530,
            "isBuyerMaker": true,
            "isBestMatch": true
        },
        {
            "id": 1111823,
            "price": "0.40167000",
            "qty": "130.00000000",
            "quoteQty": "52.21710000",
            "time": 1732290460903,
            "isBuyerMaker": false,
            "isBestMatch": true
        },
        {
            "id": 1111824,
            "price": "0.40168000",
            "qty": "177.00000000",
            "quoteQty": "71.09736000",
            "time": 1732290460903,
            "isBuyerMaker": false,
            "isBestMatch": true
        },
        {
            "id": 1111825,
            "price": "0.40169000",
            "qty": "249.00000000",
            "quoteQty": "100.02081000",
            "time": 1732290460903,
            "isBuyerMaker": false,
            "isBestMatch": true
        },
        {
            "id": 1111826,
            "price": "0.40170000",
            "qty": "192.00000000",
            "quoteQty": "77.12640000",
            "time": 1732290460903,
            "isBuyerMaker": false,
            "isBestMatch": true
        },
        {
            "id": 1111827,
            "price": "0.40179000",
            "qty": "162.00000000",
            "quoteQty": "65.08998000",
            "time": 1732290460903,
            "isBuyerMaker": false,
            "isBestMatch": true
        },
        {
            "id": 1111828,
            "price": "0.40200000",
            "qty": "73.00000000",
            "quoteQty": "29.34600000",
            "time": 1732290460903,
            "isBuyerMaker": false,
            "isBestMatch": true
        },
        {
            "id": 1111829,
            "price": "0.40200000",
            "qty": "491.00000000",
            "quoteQty": "197.38200000",
            "time": 1732290460903,
            "isBuyerMaker": false,
            "isBestMatch": true
        },
        {
            "id": 1111830,
            "price": "0.40166000",
            "qty": "200.00000000",
            "quoteQty": "80.33200000",
            "time": 1732290463352,
            "isBuyerMaker": true,
            "isBestMatch": true
        },
        {
            "id": 1111831,
            "price": "0.40165000",
            "qty": "212.00000000",
            "quoteQty": "85.14980000",
            "time": 1732290463352,
            "isBuyerMaker": true,
            "isBestMatch": true
        },
        {
            "id": 1111832,
            "price": "0.40160000",
            "qty": "140.00000000",
            "quoteQty": "56.22400000",
            "time": 1732290463352,
            "isBuyerMaker": true,
            "isBestMatch": true
        },
        {
            "id": 1111833,
            "price": "0.40158000",
            "qty": "215.00000000",
            "quoteQty": "86.33970000",
            "time": 1732290463352,
            "isBuyerMaker": true,
            "isBestMatch": true
        },
        {
            "id": 1111834,
            "price": "0.40156000",
            "qty": "250.00000000",
            "quoteQty": "100.39000000",
            "time": 1732290463352,
            "isBuyerMaker": true,
            "isBestMatch": true
        },
        {
            "id": 1111835,
            "price": "0.40155000",
            "qty": "185.00000000",
            "quoteQty": "74.28675000",
            "time": 1732290463352,
            "isBuyerMaker": true,
            "isBestMatch": true
        },
        {
            "id": 1111836,
            "price": "0.40153000",
            "qty": "1008.00000000",
            "quoteQty": "404.74224000",
            "time": 1732290463352,
            "isBuyerMaker": true,
            "isBestMatch": true
        },
        {
            "id": 1111837,
            "price": "0.40162000",
            "qty": "210.00000000",
            "quoteQty": "84.34020000",
            "time": 1732290465859,
            "isBuyerMaker": false,
            "isBestMatch": true
        },
        {
            "id": 1111838,
            "price": "0.40163000",
            "qty": "36.00000000",
            "quoteQty": "14.45868000",
            "time": 1732290465859,
            "isBuyerMaker": false,
            "isBestMatch": true
        },
        {
            "id": 1111839,
            "price": "0.40163000",
            "qty": "101.00000000",
            "quoteQty": "40.56463000",
            "time": 1732290467866,
            "isBuyerMaker": false,
            "isBestMatch": true
        },
        {
            "id": 1111840,
            "price": "0.40164000",
            "qty": "41.00000000",
            "quoteQty": "16.46724000",
            "time": 1732290467866,
            "isBuyerMaker": false,
            "isBestMatch": true
        },
        {
            "id": 1111841,
            "price": "0.40164000",
            "qty": "111.00000000",
            "quoteQty": "44.58204000",
            "time": 1732290467873,
            "isBuyerMaker": false,
            "isBestMatch": true
        },
        {
            "id": 1111842,
            "price": "0.40171000",
            "qty": "111.00000000",
            "quoteQty": "44.58981000",
            "time": 1732290467873,
            "isBuyerMaker": false,
            "isBestMatch": true
        },
        {
            "id": 1111843,
            "price": "0.40153000",
            "qty": "246.00000000",
            "quoteQty": "98.77638000",
            "time": 1732290468125,
            "isBuyerMaker": true,
            "isBestMatch": true
        },
        {
            "id": 1111844,
            "price": "0.40177000",
            "qty": "234.00000000",
            "quoteQty": "94.01418000",
            "time": 1732290470643,
            "isBuyerMaker": false,
            "isBestMatch": true
        },
        {
            "id": 1111845,
            "price": "0.40181000",
            "qty": "12.00000000",
            "quoteQty": "4.82172000",
            "time": 1732290470643,
            "isBuyerMaker": false,
            "isBestMatch": true
        },
        {
            "id": 1111846,
            "price": "0.40172000",
            "qty": "180.00000000",
            "quoteQty": "72.30960000",
            "time": 1732290473012,
            "isBuyerMaker": true,
            "isBestMatch": true
        },
        {
            "id": 1111847,
            "price": "0.40170000",
            "qty": "66.00000000",
            "quoteQty": "26.51220000",
            "time": 1732290473012,
            "isBuyerMaker": true,
            "isBestMatch": true
        },
        {
            "id": 1111848,
            "price": "0.40173000",
            "qty": "130.00000000",
            "quoteQty": "52.22490000",
            "time": 1732290475376,
            "isBuyerMaker": false,
            "isBestMatch": true
        },
        {
            "id": 1111849,
            "price": "0.40178000",
            "qty": "59.00000000",
            "quoteQty": "23.70502000",
            "time": 1732290475538,
            "isBuyerMaker": true,
            "isBestMatch": true
        },
        {
            "id": 1111850,
            "price": "0.40180000",
            "qty": "145.00000000",
            "quoteQty": "58.26100000",
            "time": 1732290475623,
            "isBuyerMaker": false,
            "isBestMatch": true
        },
        {
            "id": 1111851,
            "price": "0.40181000",
            "qty": "100.00000000",
            "quoteQty": "40.18100000",
            "time": 1732290475623,
            "isBuyerMaker": false,
            "isBestMatch": true
        },
        {
            "id": 1111852,
            "price": "0.40178000",
            "qty": "36.00000000",
            "quoteQty": "14.46408000",
            "time": 1732290477468,
            "isBuyerMaker": true,
            "isBestMatch": true
        },
        {
            "id": 1111853,
            "price": "0.40177000",
            "qty": "209.00000000",
            "quoteQty": "83.96993000",
            "time": 1732290477468,
            "isBuyerMaker": true,
            "isBestMatch": true
        },
        {
            "id": 1111854,
            "price": "0.40177000",
            "qty": "40.00000000",
            "quoteQty": "16.07080000",
            "time": 1732290477529,
            "isBuyerMaker": true,
            "isBestMatch": true
        },
        {
            "id": 1111855,
            "price": "0.40177000",
            "qty": "16.00000000",
            "quoteQty": "6.42832000",
            "time": 1732290477529,
            "isBuyerMaker": true,
            "isBestMatch": true
        },
        {
            "id": 1111856,
            "price": "0.40181000",
            "qty": "73.00000000",
            "quoteQty": "29.33213000",
            "time": 1732290478314,
            "isBuyerMaker": false,
            "isBestMatch": true
        },
        {
            "id": 1111857,
            "price": "0.40185000",
            "qty": "94.00000000",
            "quoteQty": "37.77390000",
            "time": 1732290478314,
            "isBuyerMaker": false,
            "isBestMatch": true
        },
        {
            "id": 1111858,
            "price": "0.40201000",
            "qty": "242.00000000",
            "quoteQty": "97.28642000",
            "time": 1732290480009,
            "isBuyerMaker": false,
            "isBestMatch": true
        },
        {
            "id": 1111859,
            "price": "0.46383000",
            "qty": "3.00000000",
            "quoteQty": "1.39149000",
            "time": 1732290480009,
            "isBuyerMaker": false,
            "isBestMatch": true
        },
        {
            "id": 1111860,
            "price": "0.40208000",
            "qty": "157.00000000",
            "quoteQty": "63.12656000",
            "time": 1732290482170,
            "isBuyerMaker": true,
            "isBestMatch": true
        },
        {
            "id": 1111861,
            "price": "0.40207000",
            "qty": "88.00000000",
            "quoteQty": "35.38216000",
            "time": 1732290482170,
            "isBuyerMaker": true,
            "isBestMatch": true
        },
        {
            "id": 1111862,
            "price": "0.40207000",
            "qty": "52.00000000",
            "quoteQty": "20.90764000",
            "time": 1732290483528,
            "isBuyerMaker": true,
            "isBestMatch": true
        },
        {
            "id": 1111863,
            "price": "0.40204000",
            "qty": "12.00000000",
            "quoteQty": "4.82448000",
            "time": 1732290484526,
            "isBuyerMaker": true,
            "isBestMatch": true
        },
        {
            "id": 1111864,
            "price": "0.40204000",
            "qty": "71.00000000",
            "quoteQty": "28.54484000",
            "time": 1732290485528,
            "isBuyerMaker": true,
            "isBestMatch": true
        },
        {
            "id": 1111865,
            "price": "0.40205000",
            "qty": "125.00000000",
            "quoteQty": "50.25625000",
            "time": 1732290485909,
            "isBuyerMaker": false,
            "isBestMatch": true
        },
        {
            "id": 1111866,
            "price": "0.40206000",
            "qty": "5.00000000",
            "quoteQty": "2.01030000",
            "time": 1732290486482,
            "isBuyerMaker": true,
            "isBestMatch": true
        },
        {
            "id": 1111867,
            "price": "0.40207000",
            "qty": "167.00000000",
            "quoteQty": "67.14569000",
            "time": 1732290490512,
            "isBuyerMaker": false,
            "isBestMatch": true
        },
        {
            "id": 1111868,
            "price": "0.40208000",
            "qty": "65.00000000",
            "quoteQty": "26.13520000",
            "time": 1732290490512,
            "isBuyerMaker": false,
            "isBestMatch": true
        },
        {
            "id": 1111869,
            "price": "0.40208000",
            "qty": "102.00000000",
            "quoteQty": "41.01216000",
            "time": 1732290490529,
            "isBuyerMaker": false,
            "isBestMatch": true
        },
        {
            "id": 1111870,
            "price": "0.40209000",
            "qty": "95.00000000",
            "quoteQty": "38.19855000",
            "time": 1732290490529,
            "isBuyerMaker": false,
            "isBestMatch": true
        },
        {
            "id": 1111871,
            "price": "0.40212000",
            "qty": "65.00000000",
            "quoteQty": "26.13780000",
            "time": 1732290494527,
            "isBuyerMaker": true,
            "isBestMatch": true
        },
        {
            "id": 1111872,
            "price": "0.40212000",
            "qty": "147.00000000",
            "quoteQty": "59.11164000",
            "time": 1732290495143,
            "isBuyerMaker": true,
            "isBestMatch": true
        },
        {
            "id": 1111873,
            "price": "0.40211000",
            "qty": "165.00000000",
            "quoteQty": "66.34815000",
            "time": 1732290495143,
            "isBuyerMaker": true,
            "isBestMatch": true
        },
        {
            "id": 1111874,
            "price": "0.40210000",
            "qty": "142.00000000",
            "quoteQty": "57.09820000",
            "time": 1732290495143,
            "isBuyerMaker": true,
            "isBestMatch": true
        },
        {
            "id": 1111875,
            "price": "0.40206000",
            "qty": "2.00000000",
            "quoteQty": "0.80412000",
            "time": 1732290495143,
            "isBuyerMaker": true,
            "isBestMatch": true
        },
        {
            "id": 1111876,
            "price": "0.40205000",
            "qty": "170.00000000",
            "quoteQty": "68.34850000",
            "time": 1732290495143,
            "isBuyerMaker": true,
            "isBestMatch": true
        },
        {
            "id": 1111877,
            "price": "0.40204000",
            "qty": "136.00000000",
            "quoteQty": "54.67744000",
            "time": 1732290495143,
            "isBuyerMaker": true,
            "isBestMatch": true
        },
        {
            "id": 1111878,
            "price": "0.40203000",
            "qty": "209.00000000",
            "quoteQty": "84.02427000",
            "time": 1732290495143,
            "isBuyerMaker": true,
            "isBestMatch": true
        },
        {
            "id": 1111879,
            "price": "0.40202000",
            "qty": "155.00000000",
            "quoteQty": "62.31310000",
            "time": 1732290495143,
            "isBuyerMaker": true,
            "isBestMatch": true
        },
        {
            "id": 1111880,
            "price": "0.40177000",
            "qty": "1809.00000000",
            "quoteQty": "726.80193000",
            "time": 1732290495143,
            "isBuyerMaker": true,
            "isBestMatch": true
        },
        {
            "id": 1111881,
            "price": "0.40212000",
            "qty": "142.00000000",
            "quoteQty": "57.10104000",
            "time": 1732290499913,
            "isBuyerMaker": false,
            "isBestMatch": true
        },
        {
            "id": 1111882,
            "price": "0.40212000",
            "qty": "8.00000000",
            "quoteQty": "3.21696000",
            "time": 1732290499929,
            "isBuyerMaker": false,
            "isBestMatch": true
        },
        {
            "id": 1111883,
            "price": "0.40213000",
            "qty": "150.00000000",
            "quoteQty": "60.31950000",
            "time": 1732290499929,
            "isBuyerMaker": false,
            "isBestMatch": true
        },
        {
            "id": 1111884,
            "price": "0.40214000",
            "qty": "22.00000000",
            "quoteQty": "8.84708000",
            "time": 1732290499929,
            "isBuyerMaker": false,
            "isBestMatch": true
        },
        {
            "id": 1111885,
            "price": "0.40214000",
            "qty": "180.00000000",
            "quoteQty": "72.38520000",
            "time": 1732290499951,
            "isBuyerMaker": false,
            "isBestMatch": true
        },
        {
            "id": 1111886,
            "price": "0.40215000",
            "qty": "9.00000000",
            "quoteQty": "3.61935000",
            "time": 1732290499951,
            "isBuyerMaker": false,
            "isBestMatch": true
        },
        {
            "id": 1111887,
            "price": "0.40215000",
            "qty": "130.00000000",
            "quoteQty": "52.27950000",
            "time": 1732290499964,
            "isBuyerMaker": false,
            "isBestMatch": true
        },
        {
            "id": 1111888,
            "price": "0.40215000",
            "qty": "73.00000000",
            "quoteQty": "29.35695000",
            "time": 1732290499981,
            "isBuyerMaker": false,
            "isBestMatch": true
        },
        {
            "id": 1111889,
            "price": "0.40216000",
            "qty": "119.00000000",
            "quoteQty": "47.85704000",
            "time": 1732290499981,
            "isBuyerMaker": false,
            "isBestMatch": true
        },
        {
            "id": 1111890,
            "price": "0.40216000",
            "qty": "66.00000000",
            "quoteQty": "26.54256000",
            "time": 1732290499998,
            "isBuyerMaker": false,
            "isBestMatch": true
        },
        {
            "id": 1111891,
            "price": "0.40216000",
            "qty": "28.00000000",
            "quoteQty": "11.26048000",
            "time": 1732290500526,
            "isBuyerMaker": true,
            "isBestMatch": true
        },
        {
            "id": 1111892,
            "price": "0.40216000",
            "qty": "39.00000000",
            "quoteQty": "15.68424000",
            "time": 1732290501528,
            "isBuyerMaker": true,
            "isBestMatch": true
        },
        {
            "id": 1111893,
            "price": "0.40223000",
            "qty": "204.00000000",
            "quoteQty": "82.05492000",
            "time": 1732290502676,
            "isBuyerMaker": false,
            "isBestMatch": true
        },
        {
            "id": 1111894,
            "price": "0.40223000",
            "qty": "43.00000000",
            "quoteQty": "17.29589000",
            "time": 1732290502691,
            "isBuyerMaker": false,
            "isBestMatch": true
        },
        {
            "id": 1111895,
            "price": "0.40224000",
            "qty": "124.00000000",
            "quoteQty": "49.87776000",
            "time": 1732290502691,
            "isBuyerMaker": false,
            "isBestMatch": true
        },
        {
            "id": 1111896,
            "price": "0.40216000",
            "qty": "4.00000000",
            "quoteQty": "1.60864000",
            "time": 1732290503525,
            "isBuyerMaker": true,
            "isBestMatch": true
        },
        {
            "id": 1111897,
            "price": "0.40254000",
            "qty": "197.00000000",
            "quoteQty": "79.30038000",
            "time": 1732290504844,
            "isBuyerMaker": false,
            "isBestMatch": true
        },
        {
            "id": 1111898,
            "price": "0.40254000",
            "qty": "1031.00000000",
            "quoteQty": "415.01874000",
            "time": 1732290504844,
            "isBuyerMaker": false,
            "isBestMatch": true
        },
        {
            "id": 1111899,
            "price": "0.40254000",
            "qty": "192.00000000",
            "quoteQty": "77.28768000",
            "time": 1732290506359,
            "isBuyerMaker": false,
            "isBestMatch": true
        },
        {
            "id": 1111900,
            "price": "0.40254000",
            "qty": "244.00000000",
            "quoteQty": "98.21976000",
            "time": 1732290506374,
            "isBuyerMaker": false,
            "isBestMatch": true
        },
        {
            "id": 1111901,
            "price": "0.40209000",
            "qty": "160.00000000",
            "quoteQty": "64.33440000",
            "time": 1732290506983,
            "isBuyerMaker": true,
            "isBestMatch": true
        },
        {
            "id": 1111902,
            "price": "0.40208000",
            "qty": "204.00000000",
            "quoteQty": "82.02432000",
            "time": 1732290506983,
            "isBuyerMaker": true,
            "isBestMatch": true
        },
        {
            "id": 1111903,
            "price": "0.40207000",
            "qty": "219.00000000",
            "quoteQty": "88.05333000",
            "time": 1732290506983,
            "isBuyerMaker": true,
            "isBestMatch": true
        },
        {
            "id": 1111904,
            "price": "0.40201000",
            "qty": "197.00000000",
            "quoteQty": "79.19597000",
            "time": 1732290506983,
            "isBuyerMaker": true,
            "isBestMatch": true
        },
        {
            "id": 1111905,
            "price": "0.40177000",
            "qty": "448.00000000",
            "quoteQty": "179.99296000",
            "time": 1732290506983,
            "isBuyerMaker": true,
            "isBestMatch": true
        },
        {
            "id": 1111906,
            "price": "0.40254000",
            "qty": "1229.00000000",
            "quoteQty": "494.72166000",
            "time": 1732290509493,
            "isBuyerMaker": false,
            "isBestMatch": true
        },
        {
            "id": 1111907,
            "price": "0.40254000",
            "qty": "212.00000000",
            "quoteQty": "85.33848000",
            "time": 1732290509696,
            "isBuyerMaker": false,
            "isBestMatch": true
        },
        {
            "id": 1111908,
            "price": "0.40254000",
            "qty": "249.00000000",
            "quoteQty": "100.23246000",
            "time": 1732290509711,
            "isBuyerMaker": false,
            "isBestMatch": true
        },
        {
            "id": 1111909,
            "price": "0.40177000",
            "qty": "1229.00000000",
            "quoteQty": "493.77533000",
            "time": 1732290511560,
            "isBuyerMaker": true,
            "isBestMatch": true
        },
        {
            "id": 1111910,
            "price": "0.40254000",
            "qty": "182.00000000",
            "quoteQty": "73.26228000",
            "time": 1732290512859,
            "isBuyerMaker": false,
            "isBestMatch": true
        },
        {
            "id": 1111911,
            "price": "0.40254000",
            "qty": "1227.00000000",
            "quoteQty": "493.91658000",
            "time": 1732290514053,
            "isBuyerMaker": false,
            "isBestMatch": true
        },
        {
            "id": 1111912,
