{
    "data": [
        {
            "id": 1920221,
            "price": "3302.85000000",
            "qty": "0.12590000",
            "quoteQty": "415.82881500",
            "time": 1732291903741,
            "isBuyerMaker": true,
            "isBestMatch": true
        },
        {
            "id": 1920222,
            "price": "3302.85000000",
            "qty": "0.08350000",
            "quoteQty": "275.78797500",
            "time": 1732291905981,
            "isBuyerMaker": true,
            "isBestMatch": true
        },
        {
            "id": 1920223,
            "price": "3302.85000000",
            "qty": "0.09560000",
            "quoteQty": "315.75246000",
            "time": 1732291906006,
            "isBuyerMaker": true,
            "isBestMatch": true
        },
        {
            "id": 1920224,
            "price": "3302.85000000",
            "qty": "0.09710000",
            "quoteQty": "320.70673500",
            "time": 1732291907450,
            "isBuyerMaker": true,
            "isBestMatch": true
        },
        {
            "id": 1920225,
            "price": "3302.85000000",
            "qty": "0.12140000",
            "quoteQty": "400.96599000",
            "time": 1732291909696,
            "isBuyerMaker": true,
            "isBestMatch": true
        },
        {
            "id": 1920226,
            "price": "3302.85000000",
            "qty": "0.11380000",
            "quoteQty": "375.86433000",
            "time": 1732291911466,
            "isBuyerMaker": true,
            "isBestMatch": true
        },
        {
            "id": 1920227,
            "price": "3302.85000000",
            "qty": "0.11230000",
            "quoteQty": "370.91005500",
            "time": 1732291913480,
            "isBuyerMaker": true,
            "isBestMatch": true
        },
        {
            "id": 1920228,
            "price": "3302.85000000",
            "qty": "0.12140000",
            "quoteQty": "400.96599000",
            "time": 1732291913486,
            "isBuyerMaker": true,
            "isBestMatch": true
        },
        {
            "id": 1920229,
            "price": "3302.85000000",
            "qty": "0.08950000",
            "quoteQty": "295.60507500",
            "time": 1732291913515,
            "isBuyerMaker": true,
            "isBestMatch": true
        },
        {
            "id": 1920230,
            "price": "3302.85000000",
            "qty": "0.13040000",
            "quoteQty": "430.69164000",
            "time": 1732291913524,
            "isBuyerMaker": true,
            "isBestMatch": true
        },
        {
            "id": 1920231,
            "price": "3302.85000000",
            "qty": "0.13500000",
            "quoteQty": "445.88475000",
            "time": 1732291913535,
            "isBuyerMaker": true,
            "isBestMatch": true
        },
        {
            "id": 1920232,
            "price": "3302.85000000",
            "qty": "0.12440000",
            "quoteQty": "410.87454000",
            "time": 1732291915085,
            "isBuyerMaker": true,
            "isBestMatch": true
        },
        {
            "id": 1920233,
            "price": "3302.85000000",
            "qty": "0.11840000",
            "quoteQty": "391.05744000",
            "time": 1732291917072,
            "isBuyerMaker": true,
            "isBestMatch": true
        },
        {
            "id": 1920234,
            "price": "3302.85000000",
            "qty": "0.08800000",
            "quoteQty": "290.65080000",
            "time": 1732291917081,
            "isBuyerMaker": true,
            "isBestMatch": true
        },
        {
            "id": 1920235,
            "price": "3302.85000000",
            "qty": "0.11690000",
            "quoteQty": "386.10316500",
            "time": 1732291919809,
            "isBuyerMaker": true,
            "isBestMatch": true
        },
        {
            "id": 1920236,
            "price": "3302.85000000",
            "qty": "0.13960000",
            "quoteQty": "461.07786000",
            "time": 1732291919821,
            "isBuyerMaker": true,
            "isBestMatch": true
        },
        {
            "id": 1920237,
            "price": "3302.85000000",
            "qty": "0.10320000",
            "quoteQty": "340.85412000",
            "time": 1732291919831,
            "isBuyerMaker": true,
            "isBestMatch": true
        },
        {
            "id": 1920238,
            "price": "3302.85000000",
            "qty": "0.10470000",
            "quoteQty": "345.80839500",
            "time": 1732291919849,
            "isBuyerMaker": true,
            "isBestMatch": true
        },
        {
            "id": 1920239,
            "price": "3302.85000000",
            "qty": "0.10020000",
            "quoteQty": "330.94557000",
            "time": 1732291919873,
            "isBuyerMaker": true,
            "isBestMatch": true
        },
        {
            "id": 1920240,
            "price": "3302.85000000",
            "qty": "0.09860000",
            "quoteQty": "325.66101000",
            "time": 1732291922169,
            "isBuyerMaker": true,
            "isBestMatch": true
        },
        {
            "id": 1920241,
            "price": "3302.85000000",
            "qty": "0.10320000",
            "quoteQty": "340.85412000",
            "time": 1732291924426,
            "isBuyerMaker": true,
            "isBestMatch": true
        },
        {
            "id": 1920242,
            "price": "3302.85000000",
            "qty": "0.09260000",
            "quoteQty": "305.84391000",
            "time": 1732291924432,
            "isBuyerMaker": true,
            "isBestMatch": true
        },
        {
            "id": 1920243,
            "price": "3302.85000000",
            "qty": "0.08200000",
            "quoteQty": "270.83370000",
            "time": 1732291924442,
            "isBuyerMaker": true,
            "isBestMatch": true
        },
        {
            "id": 1920244,
            "price": "3302.85000000",
            "qty": "0.08200000",
            "quoteQty": "270.83370000",
            "time": 1732291924451,
            "isBuyerMaker": true,
            "isBestMatch": true
        },
        {
            "id": 1920245,
            "price": "3302.85000000",
            "qty": "0.10620000",
            "quoteQty": "350.76267000",
            "time": 1732291924466,
            "isBuyerMaker": true,
            "isBestMatch": true
        },
        {
            "id": 1920246,
            "price": "3302.85000000",
            "qty": "0.08040000",
            "quoteQty": "265.54914000",
            "time": 1732291924481,
            "isBuyerMaker": true,
            "isBestMatch": true
        },
        {
            "id": 1920247,
            "price": "3302.85000000",
            "qty": "0.11380000",
            "quoteQty": "375.86433000",
            "time": 1732291924495,
            "isBuyerMaker": true,
            "isBestMatch": true
        },
        {
            "id": 1920248,
            "price": "3302.85000000",
            "qty": "0.08350000",
            "quoteQty": "275.78797500",
            "time": 1732291926380,
            "isBuyerMaker": true,
            "isBestMatch": true
        },
        {
            "id": 1920249,
            "price": "3302.85000000",
            "qty": "0.12140000",
            "quoteQty": "400.96599000",
            "time": 1732291926397,
            "isBuyerMaker": true,
            "isBestMatch": true
        },
        {
            "id": 1920250,
            "price": "3302.85000000",
            "qty": "0.14570000",
            "quoteQty": "481.22524500",
            "time": 1732291928465,
            "isBuyerMaker": true,
            "isBestMatch": true
        },
        {
            "id": 1920251,
            "price": "3302.85000000",
            "qty": "0.09860000",
            "quoteQty": "325.66101000",
            "time": 1732291928473,
            "isBuyerMaker": true,
            "isBestMatch": true
        },
        {
            "id": 1920252,
            "price": "3302.85000000",
            "qty": "0.13190000",
            "quoteQty": "435.64591500",
            "time": 1732291930316,
            "isBuyerMaker": true,
            "isBestMatch": true
        },
        {
            "id": 1920253,
            "price": "3302.85000000",
            "qty": "0.13040000",
            "quoteQty": "430.69164000",
            "time": 1732291930324,
            "isBuyerMaker": true,
            "isBestMatch": true
        },
        {
            "id": 1920254,
            "price": "3302.85000000",
            "qty": "0.07580000",
            "quoteQty": "250.35603000",
            "time": 1732291933253,
            "isBuyerMaker": true,
            "isBestMatch": true
        },
        {
            "id": 1920255,
            "price": "3302.85000000",
            "qty": "0.11220000",
            "quoteQty": "370.57977000",
            "time": 1732291935325,
            "isBuyerMaker": true,
            "isBestMatch": true
        },
        {
            "id": 1920256,
            "price": "3302.85000000",
            "qty": "0.13950000",
            "quoteQty": "460.74757500",
            "time": 1732291937258,
            "isBuyerMaker": true,
            "isBestMatch": true
        },
        {
            "id": 1920257,
            "price": "3302.85000000",
            "qty": "0.08800000",
            "quoteQty": "290.65080000",
            "time": 1732291937269,
            "isBuyerMaker": true,
            "isBestMatch": true
        },
        {
            "id": 1920258,
            "price": "3302.85000000",
            "qty": "0.09400000",
            "quoteQty": "310.46790000",
            "time": 1732291939517,
            "isBuyerMaker": true,
            "isBestMatch": true
        },
        {
            "id": 1920259,
            "price": "3302.85000000",
            "qty": "0.08340000",
            "quoteQty": "275.45769000",
            "time": 1732291941690,
            "isBuyerMaker": true,
            "isBestMatch": true
        },
        {
            "id": 1920260,
            "price": "3302.85000000",
            "qty": "0.12890000",
            "quoteQty": "425.73736500",
            "time": 1732291943275,
            "isBuyerMaker": true,
            "isBestMatch": true
        },
        {
            "id": 1920261,
            "price": "3302.85000000",
            "qty": "0.11830000",
            "quoteQty": "390.72715500",
            "time": 1732291943283,
            "isBuyerMaker": true,
            "isBestMatch": true
        },
        {
            "id": 1920262,
            "price": "3302.85000000",
            "qty": "0.08800000",
            "quoteQty": "290.65080000",
            "time": 1732291944698,
            "isBuyerMaker": true,
            "isBestMatch": true
        },
        {
            "id": 1920263,
            "price": "3302.85000000",
            "qty": "0.11680000",
            "quoteQty": "385.77288000",
            "time": 1732291945804,
            "isBuyerMaker": true,
            "isBestMatch": true
        },
        {
            "id": 1920264,
            "price": "3302.85000000",
            "qty": "0.09250000",
            "quoteQty": "305.51362500",
            "time": 1732291945812,
            "isBuyerMaker": true,
            "isBestMatch": true
        },
        {
            "id": 1920265,
            "price": "3302.85000000",
            "qty": "0.14260000",
            "quoteQty": "470.98641000",
            "time": 1732291947605,
            "isBuyerMaker": true,
            "isBestMatch": true
        },
        {
            "id": 1920266,
            "price": "3302.85000000",
            "qty": "0.15020000",
            "quoteQty": "496.08807000",
            "time": 1732291947614,
            "isBuyerMaker": true,
            "isBestMatch": true
        },
        {
            "id": 1920267,
            "price": "3302.85000000",
            "qty": "0.11380000",
            "quoteQty": "375.86433000",
            "time": 1732291949493,
            "isBuyerMaker": true,
            "isBestMatch": true
        },
        {
            "id": 1920268,
            "price": "3302.85000000",
            "qty": "0.07590000",
            "quoteQty": "250.68631500",
            "time": 1732291950897,
            "isBuyerMaker": true,
            "isBestMatch": true
        },
        {
            "id": 1920269,
            "price": "3302.85000000",
            "qty": "0.11530000",
            "quoteQty": "380.81860500",
            "time": 1732291950906,
            "isBuyerMaker": true,
            "isBestMatch": true
        },
        {
            "id": 1920270,
            "price": "3302.85000000",
            "qty": "0.11680000",
            "quoteQty": "385.77288000",
            "time": 1732291952652,
            "isBuyerMaker": true,
            "isBestMatch": true
        },
        {
            "id": 1920271,
            "price": "3302.85000000",
            "qty": "0.12900000",
            "quoteQty": "426.06765000",
            "time": 1732291952663,
            "isBuyerMaker": true,
            "isBestMatch": true
        },
        {
            "id": 1920272,
            "price": "3302.85000000",
            "qty": "0.14570000",
            "quoteQty": "481.22524500",
            "time": 1732291952672,
            "isBuyerMaker": true,
            "isBestMatch": true
        },
        {
            "id": 1920273,
            "price": "3302.85000000",
            "qty": "0.07740000",
            "quoteQty": "255.64059000",
            "time": 1732291954319,
            "isBuyerMaker": true,
            "isBestMatch": true
        },
        {
            "id": 1920274,
            "price": "3302.85000000",
            "qty": "0.10170000",
            "quoteQty": "335.89984500",
            "time": 1732291956855,
            "isBuyerMaker": true,
            "isBestMatch": true
        },
        {
            "id": 1920275,
            "price": "3302.85000000",
            "qty": "0.10320000",
            "quoteQty": "340.85412000",
            "time": 1732291959696,
            "isBuyerMaker": true,
            "isBestMatch": true
        },
        {
            "id": 1920276,
            "price": "3302.85000000",
            "qty": "0.08200000",
            "quoteQty": "270.83370000",
            "time": 1732291959706,
            "isBuyerMaker": true,
            "isBestMatch": true
        },
        {
            "id": 1920277,
            "price": "3302.85000000",
            "qty": "0.10170000",
            "quoteQty": "335.89984500",
            "time": 1732291959714,
            "isBuyerMaker": true,
            "isBestMatch": true
        },
        {
            "id": 1920278,
            "price": "3302.85000000",
            "qty": "0.09710000",
            "quoteQty": "320.70673500",
            "time": 1732291959724,
            "isBuyerMaker": true,
            "isBestMatch": true
        },
        {
            "id": 1920279,
            "price": "3302.85000000",
            "qty": "0.12900000",
            "quoteQty": "426.06765000",
            "time": 1732291959748,
            "isBuyerMaker": true,
            "isBestMatch": true
        },
        {
            "id": 1920280,
            "price": "3302.85000000",
            "qty": "0.10020000",
            "quoteQty": "330.94557000",
            "time": 1732291961895,
            "isBuyerMaker": true,
            "isBestMatch": true
        },
        {
            "id": 1920281,
            "price": "3302.85000000",
            "qty": "0.14420000",
            "quoteQty": "476.27097000",
            "time": 1732291963279,
            "isBuyerMaker": true,
            "isBestMatch": true
        },
        {
            "id": 1920282,
            "price": "3302.85000000",
            "qty": "0.13350000",
            "quoteQty": "440.93047500",
            "time": 1732291964935,
            "isBuyerMaker": true,
            "isBestMatch": true
        },
        {
            "id": 1920283,
            "price": "3302.85000000",
            "qty": "0.07890000",
            "quoteQty": "260.59486500",
            "time": 1732291966288,
            "isBuyerMaker": true,
            "isBestMatch": true
        },
        {
            "id": 1920284,
            "price": "3302.85000000",
            "qty": "0.14560000",
            "quoteQty": "480.89496000",
            "time": 1732291966296,
            "isBuyerMaker": true,
            "isBestMatch": true
        },
        {
            "id": 1920285,
            "price": "3302.85000000",
            "qty": "0.08800000",
            "quoteQty": "290.65080000",
            "time": 1732291967573,
            "isBuyerMaker": true,
            "isBestMatch": true
        },
        {
            "id": 1920286,
            "price": "3302.85000000",
            "qty": "0.12440000",
            "quoteQty": "410.87454000",
            "time": 1732291968784,
            "isBuyerMaker": true,
            "isBestMatch": true
        },
        {
            "id": 1920287,
            "price": "3302.85000000",
            "qty": "0.12140000",
            "quoteQty": "400.96599000",
            "time": 1732291969799,
            "isBuyerMaker": true,
            "isBestMatch": true
        },
        {
            "id": 1920288,
            "price": "3302.85000000",
            "qty": "0.07590000",
            "quoteQty": "250.68631500",
            "time": 1732291969805,
            "isBuyerMaker": true,
            "isBestMatch": true
        },
        {
            "id": 1920289,
            "price": "3302.85000000",
            "qty": "0.08500000",
            "quoteQty": "280.74225000",
            "time": 1732291969811,
            "isBuyerMaker": true,
            "isBestMatch": true
        },
        {
            "id": 1920290,
            "price": "3302.85000000",
            "qty": "0.10770000",
            "quoteQty": "355.71694500",
            "time": 1732291969817,
            "isBuyerMaker": true,
            "isBestMatch": true
        },
        {
            "id": 1920291,
            "price": "3302.85000000",
            "qty": "0.09710000",
            "quoteQty": "320.70673500",
            "time": 1732291970888,
            "isBuyerMaker": true,
            "isBestMatch": true
        },
        {
            "id": 1920292,
            "price": "3302.85000000",
            "qty": "0.11680000",
            "quoteQty": "385.77288000",
            "time": 1732291970897,
            "isBuyerMaker": true,
            "isBestMatch": true
        },
        {
            "id": 1920293,
            "price": "3302.85000000",
            "qty": "0.14870000",
            "quoteQty": "491.13379500",
            "time": 1732291972441,
            "isBuyerMaker": true,
            "isBestMatch": true
        },
        {
            "id": 1920294,
            "price": "3302.85000000",
            "qty": "0.13050000",
            "quoteQty": "431.02192500",
            "time": 1732291972449,
            "isBuyerMaker": true,
            "isBestMatch": true
        },
        {
            "id": 1920295,
            "price": "3302.85000000",
            "qty": "0.10920000",
            "quoteQty": "360.67122000",
            "time": 1732291972456,
            "isBuyerMaker": true,
            "isBestMatch": true
        },
        {
            "id": 1920296,
            "price": "3302.85000000",
            "qty": "0.10320000",
            "quoteQty": "340.85412000",
            "time": 1732291972462,
            "isBuyerMaker": true,
            "isBestMatch": true
        },
        {
            "id": 1920297,
            "price": "3302.85000000",
            "qty": "0.10620000",
            "quoteQty": "350.76267000",
            "time": 1732291974088,
            "isBuyerMaker": true,
            "isBestMatch": true
        },
        {
            "id": 1920298,
            "price": "3302.85000000",
            "qty": "0.12900000",
            "quoteQty": "426.06765000",
            "time": 1732291974116,
            "isBuyerMaker": true,
            "isBestMatch": true
        },
        {
            "id": 1920299,
            "price": "3302.85000000",
            "qty": "0.13350000",
            "quoteQty": "440.93047500",
            "time": 1732291974145,
            "isBuyerMaker": true,
            "isBestMatch": true
        },
        {
            "id": 1920300,
            "price": "3302.85000000",
            "qty": "0.14110000",
            "quoteQty": "466.03213500",
            "time": 1732291974164,
            "isBuyerMaker": true,
            "isBestMatch": true
        },
        {
            "id": 1920301,
            "price": "3302.85000000",
            "qty": "0.10470000",
            "quoteQty": "345.80839500",
            "time": 1732291974189,
            "isBuyerMaker": true,
            "isBestMatch": true
        },
        {
            "id": 1920302,
            "price": "3302.85000000",
            "qty": "0.13350000",
            "quoteQty": "440.93047500",
            "time": 1732291974208,
            "isBuyerMaker": true,
            "isBestMatch": true
        },
        {
            "id": 1920303,
            "price": "3302.85000000",
            "qty": "0.11990000",
            "quoteQty": "396.01171500",
            "time": 1732291976457,
            "isBuyerMaker": true,
            "isBestMatch": true
        },
        {
            "id": 1920304,
            "price": "3302.85000000",
            "qty": "0.15020000",
            "quoteQty": "496.08807000",
            "time": 1732291976480,
            "isBuyerMaker": true,
            "isBestMatch": true
        },
        {
            "id": 1920305,
            "price": "3302.85000000",
            "qty": "0.10770000",
            "quoteQty": "355.71694500",
            "time": 1732291978106,
            "isBuyerMaker": true,
            "isBestMatch": true
        },
        {
            "id": 1920306,
            "price": "3302.85000000",
            "qty": "0.10770000",
            "quoteQty": "355.71694500",
            "time": 1732291979777,
            "isBuyerMaker": true,
            "isBestMatch": true
        },
        {
            "id": 1920307,
            "price": "3302.85000000",
            "qty": "0.10320000",
            "quoteQty": "340.85412000",
            "time": 1732291979807,
            "isBuyerMaker": true,
            "isBestMatch": true
        },
        {
            "id": 1920308,
            "price": "3302.85000000",
            "qty": "0.11680000",
            "quoteQty": "385.77288000",
            "time": 1732291979814,
            "isBuyerMaker": true,
            "isBestMatch": true
        },
        {
            "id": 1920309,
            "price": "3302.85000000",
            "qty": "0.08800000",
            "quoteQty": "290.65080000",
            "time": 1732291981541,
            "isBuyerMaker": true,
            "isBestMatch": true
        },
        {
            "id": 1920310,
            "price": "3302.85000000",
            "qty": "0.10470000",
            "quoteQty": "345.80839500",
            "time": 1732291981548,
            "isBuyerMaker": true,
            "isBestMatch": true
        },
        {
            "id": 1920311,
            "price": "3302.85000000",
            "qty": "0.07590000",
            "quoteQty": "250.68631500",
            "time": 1732291981557,
            "isBuyerMaker": true,
            "isBestMatch": true
        },
        {
            "id": 1920312,
            "price": "3302.85000000",
            "qty": "0.11380000",
            "quoteQty": "375.86433000",
            "time": 1732291981564,
            "isBuyerMaker": true,
            "isBestMatch": true
        },
        {
            "id": 1920313,
            "price": "3302.85000000",
            "qty": "0.11380000",
            "quoteQty": "375.86433000",
            "time": 1732291981571,
            "isBuyerMaker": true,
            "isBestMatch": true
        },
        {
            "id": 1920314,
            "price": "3302.85000000",
            "qty": "0.10770000",
            "quoteQty": "355.71694500",
            "time": 1732291983284,
            "isBuyerMaker": true,
            "isBestMatch": true
        },
        {
            "id": 1920315,
            "price": "3302.85000000",
            "qty": "0.13800000",
            "quoteQty": "455.79330000",
            "time": 1732291983290,
            "isBuyerMaker": true,
            "isBestMatch": true
        },
        {
            "id": 1920316,
            "price": "3330.45000000",
            "qty": "0.03360000",
            "quoteQty": "111.90312000",
            "time": 1732291984604,
            "isBuyerMaker": false,
            "isBestMatch": true
        },
        {
            "id": 1920317,
            "price": "3330.45000000",
            "qty": "0.02250000",
            "quoteQty": "74.93512500",
            "time": 1732291984604,
            "isBuyerMaker": false,
            "isBestMatch": true
        },
        {
            "id": 1920318,
            "price": "3330.45000000",
            "qty": "0.00390000",
            "quoteQty": "12.98875500",
            "time": 1732291984604,
            "isBuyerMaker": false,
            "isBestMatch": true
        },
        {
            "id": 1920319,
            "price": "3302.85000000",
            "qty": "0.10160000",
            "quoteQty": "335.56956000",
            "time": 1732291984681,
            "isBuyerMaker": true,
            "isBestMatch": true
        },
        {
            "id": 1920320,
            "price": "3302.85000000",
            "qty": "0.13650000",
            "quoteQty": "450.83902500",
            "time": 1732291984689,
            "isBuyerMaker": true,
            "isBestMatch": true
        },
        {
            "id": 1920321,
            "price": "3302.85000000",
            "qty": "0.12290000",
            "quoteQty": "405.92026500",
            "time": 1732291984704,
            "isBuyerMaker": true,
            "isBestMatch": true
        },
        {
            "id": 1920322,
            "price": "3302.85000000",
            "qty": "0.11680000",
            "quoteQty": "385.77288000",
            "time": 1732291986280,
            "isBuyerMaker": true,
            "isBestMatch": true
        },
        {
            "id": 1920323,
            "price": "3302.85000000",
            "qty": "0.09110000",
            "quoteQty": "300.88963500",
            "time": 1732291986293,
            "isBuyerMaker": true,
            "isBestMatch": true
        },
        {
            "id": 1920324,
            "price": "3302.85000000",
            "qty": "0.08500000",
            "quoteQty": "280.74225000",
            "time": 1732291986302,
            "isBuyerMaker": true,
            "isBestMatch": true
        },
        {
            "id": 1920325,
            "price": "3302.85000000",
            "qty": "0.03580000",
            "quoteQty": "118.24203000",
            "time": 1732291988528,
            "isBuyerMaker": true,
            "isBestMatch": true
        },
        {
            "id": 1920326,
            "price": "3302.85000000",
            "qty": "0.12140000",
            "quoteQty": "400.96599000",
            "time": 1732291988859,
            "isBuyerMaker": true,
            "isBestMatch": true
        },
        {
            "id": 1920327,
            "price": "3302.85000000",
            "qty": "0.12290000",
            "quoteQty": "405.92026500",
            "time": 1732291988868,
            "isBuyerMaker": true,
            "isBestMatch": true
        },
        {
            "id": 1920328,
            "price": "3302.85000000",
            "qty": "0.09110000",
            "quoteQty": "300.88963500",
            "time": 1732291990744,
            "isBuyerMaker": true,
            "isBestMatch": true
        },
        {
            "id": 1920329,
            "price": "3302.85000000",
            "qty": "0.13650000",
            "quoteQty": "450.83902500",
            "time": 1732291990779,
            "isBuyerMaker": true,
            "isBestMatch": true
        },
        {
            "id": 1920330,
            "price": "3302.85000000",
            "qty": "0.15020000",
            "quoteQty": "496.08807000",
            "time": 1732291990791,
            "isBuyerMaker": true,
            "isBestMatch": true
        },
        {
            "id": 1920331,
            "price": "3302.85000000",
            "qty": "0.14110000",
            "quoteQty": "466.03213500",
            "time": 1732291990808,
            "isBuyerMaker": true,
            "isBestMatch": true
        },
        {
            "id": 1920332,
            "price": "3302.85000000",
            "qty": "0.12600000",
            "quoteQty": "416.15910000",
            "time": 1732291992505,
            "isBuyerMaker": true,
            "isBestMatch": true
        },
        {
            "id": 1920333,
            "price": "3302.85000000",
            "qty": "0.13660000",
            "quoteQty": "451.16931000",
            "time": 1732291993941,
            "isBuyerMaker": true,
            "isBestMatch": true
        },
        {
            "id": 1920334,
            "price": "3302.85000000",
            "qty": "0.14570000",
            "quoteQty": "481.22524500",
            "time": 1732291993949,
            "isBuyerMaker": true,
            "isBestMatch": true
        },
        {
            "id": 1920335,
            "price": "3302.85000000",
            "qty": "0.08200000",
            "quoteQty": "270.83370000",
            "time": 1732291993957,
            "isBuyerMaker": true,
            "isBestMatch": true
        },
        {
            "id": 1920336,
            "price": "3302.85000000",
            "qty": "0.10770000",
            "quoteQty": "355.71694500",
            "time": 1732291993963,
            "isBuyerMaker": true,
            "isBestMatch": true
        },
        {
            "id": 1920337,
            "price": "3302.85000000",
            "qty": "0.10320000",
            "quoteQty": "340.85412000",
            "time": 1732291993974,
            "isBuyerMaker": true,
            "isBestMatch": true
        },
        {
            "id": 1920338,
            "price": "3302.85000000",
            "qty": "0.11840000",
            "quoteQty": "391.05744000",
            "time": 1732291993990,
            "isBuyerMaker": true,
            "isBestMatch": true
        },
        {
            "id": 1920339,
            "price": "3302.85000000",
            "qty": "0.14260000",
            "quoteQty": "470.98641000",
            "time": 1732291995483,
            "isBuyerMaker": true,
            "isBestMatch": true
        },
        {
            "id": 1920340,
            "price": "3302.85000000",
            "qty": "0.08040000",
            "quoteQty": "265.54914000",
            "time": 1732291995491,
            "isBuyerMaker": true,
            "isBestMatch": true
        },
        {
            "id": 1920341,
            "price": "3302.85000000",
            "qty": "0.10930000",
            "quoteQty": "361.00150500",
            "time": 1732291995503,
            "isBuyerMaker": true,
            "isBestMatch": true
        },
        {
            "id": 1920342,
            "price": "3302.85000000",
            "qty": "0.09860000",
            "quoteQty": "325.66101000",
            "time": 1732291995536,
            "isBuyerMaker": true,
            "isBestMatch": true
        },
        {
            "id": 1920343,
            "price": "3302.85000000",
            "qty": "0.13050000",
            "quoteQty": "431.02192500",
            "time": 1732291996614,
            "isBuyerMaker": true,
            "isBestMatch": true
        },
        {
            "id": 1920344,
            "price": "3302.85000000",
            "qty": "0.08310000",
            "quoteQty": "274.46683500",
            "time": 1732291997528,
            "isBuyerMaker": true,
            "isBestMatch": true
        },
        {
            "id": 1920345,
            "price": "3302.85000000",
            "qty": "0.08350000",
            "quoteQty": "275.78797500",
            "time": 1732291997838,
            "isBuyerMaker": true,
            "isBestMatch": true
        },
        {
            "id": 1920346,
            "price": "3302.85000000",
            "qty": "0.07740000",
            "quoteQty": "255.64059000",
            "time": 1732291997852,
            "isBuyerMaker": true,
            "isBestMatch": true
        },
        {
            "id": 1920347,
            "price": "3302.85000000",
            "qty": "0.10930000",
            "quoteQty": "361.00150500",
            "time": 1732291998942,
            "isBuyerMaker": true,
            "isBestMatch": true
        },
        {
            "id": 1920348,
            "price": "3302.85000000",
            "qty": "0.12600000",
            "quoteQty": "416.15910000",
            "time": 1732291998964,
            "isBuyerMaker": true,
            "isBestMatch": true
        },
        {
            "id": 1920349,
            "price": "3302.85000000",
            "qty": "0.14720000",
            "quoteQty": "486.17952000",
            "time": 1732292000494,
            "isBuyerMaker": true,
            "isBestMatch": true
        },
        {
            "id": 1920350,
            "price": "3302.85000000",
            "qty": "0.14270000",
            "quoteQty": "471.31669500",
            "time": 1732292000506,
            "isBuyerMaker": true,
            "isBestMatch": true
        },
        {
            "id": 1920351,
            "price": "3302.85000000",
            "qty": "0.11690000",
            "quoteQty": "386.10316500",
            "time": 1732292002265,
            "isBuyerMaker": true,
            "isBestMatch": true
        },
        {
            "id": 1920352,
            "price": "3302.85000000",
            "qty": "0.12290000",
            "quoteQty": "405.92026500",
            "time": 1732292002282,
            "isBuyerMaker": true,
            "isBestMatch": true
        },
        {
            "id": 1920353,
            "price": "3302.85000000",
            "qty": "0.13810000",
            "quoteQty": "456.12358500",
            "time": 1732292002304,
            "isBuyerMaker": true,
            "isBestMatch": true
        },
        {
            "id": 1920354,
            "price": "3302.85000000",
            "qty": "0.13660000",
            "quoteQty": "451.16931000",
            "time": 1732292002319,
            "isBuyerMaker": true,
            "isBestMatch": true
        },
        {
            "id": 1920355,
            "price": "3302.85000000",
            "qty": "0.11080000",
            "quoteQty": "365.95578000",
            "time": 1732292002348,
            "isBuyerMaker": true,
            "isBestMatch": true
        },
        {
            "id": 1920356,
            "price": "3302.85000000",
            "qty": "0.15180000",
            "quoteQty": "501.37263000",
            "time": 1732292002371,
            "isBuyerMaker": true,
            "isBestMatch": true
        },
        {
            "id": 1920357,
            "price": "3302.85000000",
            "qty": "0.10620000",
            "quoteQty": "350.76267000",
            "time": 1732292002390,
            "isBuyerMaker": true,
            "isBestMatch": true
        },
        {
            "id": 1920358,
            "price": "3302.85000000",
            "qty": "0.09260000",
            "quoteQty": "305.84391000",
            "time": 1732292002411,
            "isBuyerMaker": true,
            "isBestMatch": true
        },
        {
            "id": 1920359,
            "price": "3302.85000000",
            "qty": "0.08050000",
            "quoteQty": "265.87942500",
            "time": 1732292004457,
            "isBuyerMaker": true,
            "isBestMatch": true
        },
        {
            "id": 1920360,
            "price": "3302.85000000",
            "qty": "0.14720000",
            "quoteQty": "486.17952000",
            "time": 1732292004471,
            "isBuyerMaker": true,
            "isBestMatch": true
        },
        {
            "id": 1920361,
            "price": "3302.85000000",
            "qty": "0.07590000",
            "quoteQty": "250.68631500",
            "time": 1732292004487,
            "isBuyerMaker": true,
            "isBestMatch": true
        },
        {
            "id": 1920362,
            "price": "3302.85000000",
            "qty": "0.13210000",
            "quoteQty": "436.30648500",
            "time": 1732292004508,
            "isBuyerMaker": true,
            "isBestMatch": true
        },
        {
            "id": 1920363,
            "price": "3302.85000000",
            "qty": "0.13510000",
            "quoteQty": "446.21503500",
            "time": 1732292006275,
            "isBuyerMaker": true,
            "isBestMatch": true
        },
        {
            "id": 1920364,
            "price": "3302.85000000",
            "qty": "0.10020000",
            "quoteQty": "330.94557000",
            "time": 1732292006291,
            "isBuyerMaker": true,
            "isBestMatch": true
        },
        {
            "id": 1920365,
            "price": "3302.85000000",
            "qty": "0.07590000",
            "quoteQty": "250.68631500",
            "time": 1732292006311,
            "isBuyerMaker": true,
            "isBestMatch": true
        },
        {
            "id": 1920366,
            "price": "3302.85000000",
            "qty": "0.11840000",
            "quoteQty": "391.05744000",
            "time": 1732292007880,
            "isBuyerMaker": true,
            "isBestMatch": true
        },
        {
            "id": 1920367,
            "price": "3302.85000000",
            "qty": "0.12750000",
            "quoteQty": "421.11337500",
            "time": 1732292009563,
            "isBuyerMaker": true,
            "isBestMatch": true
        },
        {
            "id": 1920368,
            "price": "3302.85000000",
            "qty": "0.09560000",
            "quoteQty": "315.75246000",
            "time": 1732292009569,
            "isBuyerMaker": true,
            "isBestMatch": true
        },
        {
            "id": 1920369,
            "price": "3302.85000000",
            "qty": "0.11540000",
            "quoteQty": "381.14889000",
            "time": 1732292009580,
            "isBuyerMaker": true,
            "isBestMatch": true
        },
        {
            "id": 1920370,
            "price": "3302.85000000",
            "qty": "0.09720000",
            "quoteQty": "321.03702000",
            "time": 1732292010854,
            "isBuyerMaker": true,
            "isBestMatch": true
        },
        {
            "id": 1920371,
            "price": "3302.85000000",
            "qty": "0.12600000",
            "quoteQty": "416.15910000",
            "time": 1732292012180,
            "isBuyerMaker": true,
            "isBestMatch": true
        },
        {
            "id": 1920372,
            "price": "3302.85000000",
            "qty": "0.11840000",
            "quoteQty": "391.05744000",
            "time": 1732292012209,
            "isBuyerMaker": true,
            "isBestMatch": true
        },
        {
            "id": 1920373,
            "price": "3302.85000000",
            "qty": "0.09870000",
            "quoteQty": "325.99129500",
            "time": 1732292013732,
            "isBuyerMaker": true,
            "isBestMatch": true
        },
        {
            "id": 1920374,
            "price": "3302.85000000",
            "qty": "0.12750000",
            "quoteQty": "421.11337500",
            "time": 1732292013746,
            "isBuyerMaker": true,
            "isBestMatch": true
        },
        {
            "id": 1920375,
            "price": "3302.85000000",
            "qty": "0.07900000",
            "quoteQty": "260.92515000",
            "time": 1732292015509,
            "isBuyerMaker": true,
            "isBestMatch": true
        },
        {
            "id": 1920376,
            "price": "3302.85000000",
            "qty": "0.08960000",
            "quoteQty": "295.93536000",
            "time": 1732292015524,
            "isBuyerMaker": true,
            "isBestMatch": true
        },
        {
            "id": 1920377,
            "price": "3302.85000000",
            "qty": "0.12900000",
            "quoteQty": "426.06765000",
            "time": 1732292015545,
            "isBuyerMaker": true,
            "isBestMatch": true
        },
        {
            "id": 1920378,
            "price": "3302.85000000",
            "qty": "0.10480000",
            "quoteQty": "346.13868000",
            "time": 1732292015566,
            "isBuyerMaker": true,
            "isBestMatch": true
        },
        {
            "id": 1920379,
            "price": "3302.85000000",
            "qty": "0.12750000",
            "quoteQty": "421.11337500",
            "time": 1732292017279,
            "isBuyerMaker": true,
            "isBestMatch": true
        },
        {
            "id": 1920380,
            "price": "3302.85000000",
            "qty": "0.05820000",
            "quoteQty": "192.22587000",
            "time": 1732292017528,
            "isBuyerMaker": true,
            "isBestMatch": true
        },
        {
            "id": 1920381,
            "price": "3302.85000000",
            "qty": "0.13210000",
            "quoteQty": "436.30648500",
            "time": 1732292019263,
            "isBuyerMaker": true,
            "isBestMatch": true
        },
        {
            "id": 1920382,
            "price": "3302.85000000",
            "qty": "0.14880000",
            "quoteQty": "491.46408000",
            "time": 1732292019271,
            "isBuyerMaker": true,
            "isBestMatch": true
        },
        {
            "id": 1920383,
            "price": "3302.85000000",
            "qty": "0.11080000",
            "quoteQty": "365.95578000",
            "time": 1732292020524,
            "isBuyerMaker": true,
            "isBestMatch": true
        },
        {
            "id": 1920384,
            "price": "3302.85000000",
            "qty": "0.10930000",
            "quoteQty": "361.00150500",
            "time": 1732292020531,
            "isBuyerMaker": true,
            "isBestMatch": true
        },
        {
            "id": 1920385,
            "price": "3302.85000000",
            "qty": "0.12300000",
            "quoteQty": "406.25055000",
            "time": 1732292022085,
            "isBuyerMaker": true,
            "isBestMatch": true
        },
        {
            "id": 1920386,
            "price": "3302.85000000",
            "qty": "0.14570000",
            "quoteQty": "481.22524500",
            "time": 1732292022094,
            "isBuyerMaker": true,
            "isBestMatch": true
        },
        {
            "id": 1920387,
            "price": "3302.85000000",
            "qty": "0.08500000",
            "quoteQty": "280.74225000",
            "time": 1732292022127,
            "isBuyerMaker": true,
            "isBestMatch": true
        },
        {
            "id": 1920388,
            "price": "3302.85000000",
            "qty": "0.11990000",
            "quoteQty": "396.01171500",
            "time": 1732292022138,
            "isBuyerMaker": true,
            "isBestMatch": true
        },
        {
            "id": 1920389,
            "price": "3302.85000000",
            "qty": "0.15180000",
            "quoteQty": "501.37263000",
            "time": 1732292024068,
            "isBuyerMaker": true,
            "isBestMatch": true
        },
        {
            "id": 1920390,
            "price": "3302.85000000",
            "qty": "0.00440000",
            "quoteQty": "14.53254000",
            "time": 1732292026101,
            "isBuyerMaker": true,
            "isBestMatch": true
        },
        {
            "id": 1920391,
            "price": "3297.73000000",
            "qty": "0.08340000",
            "quoteQty": "275.03068200",
            "time": 1732292026101,
            "isBuyerMaker": true,
            "isBestMatch": true
        },
        {
            "id": 1920392,
            "price": "3297.66000000",
            "qty": "0.00630000",
            "quoteQty": "20.77525800",
            "time": 1732292026101,
            "isBuyerMaker": true,
            "isBestMatch": true
        },
        {
            "id": 1920393,
            "price": "3297.66000000",
            "qty": "0.11810000",
            "quoteQty": "389.45364600",
            "time": 1732292026108,
            "isBuyerMaker": true,
            "isBestMatch": true
        },
        {
            "id": 1920394,
            "price": "3297.59000000",
            "qty": "0.01090000",
            "quoteQty": "35.94373100",
            "time": 1732292026108,
            "isBuyerMaker": true,
            "isBestMatch": true
        },
        {
            "id": 1920395,
            "price": "3297.59000000",
            "qty": "0.11050000",
            "quoteQty": "364.38369500",
            "time": 1732292026114,
            "isBuyerMaker": true,
            "isBestMatch": true
        },
        {
            "id": 1920396,
            "price": "3297.48000000",
            "qty": "0.02910000",
            "quoteQty": "95.95666800",
            "time": 1732292026114,
            "isBuyerMaker": true,
            "isBestMatch": true
        },
        {
            "id": 1920397,
            "price": "3297.48000000",
            "qty": "0.06950000",
            "quoteQty": "229.17486000",
            "time": 1732292028205,
            "isBuyerMaker": true,
            "isBestMatch": true
        },
        {
            "id": 1920398,
            "price": "3297.48000000",
            "qty": "0.03370000",
            "quoteQty": "111.12507600",
            "time": 1732292028205,
            "isBuyerMaker": true,
            "isBestMatch": true
        },
        {
            "id": 1920399,
            "price": "3297.48000000",
            "qty": "0.11990000",
            "quoteQty": "395.36785200",
            "time": 1732292028224,
            "isBuyerMaker": true,
            "isBestMatch": true
        },
        {
            "id": 1920400,
            "price": "3297.48000000",
            "qty": "0.14120000",
            "quoteQty": "465.60417600",
            "time": 1732292030105,
            "isBuyerMaker": true,
            "isBestMatch": true
        },
        {
            "id": 1920401,
            "price": "3297.48000000",
            "qty": "0.10630000",
            "quoteQty": "350.52212400",
            "time": 1732292032132,
            "isBuyerMaker": true,
            "isBestMatch": true
        },
        {
            "id": 1920402,
            "price": "3297.48000000",
            "qty": "0.09560000",
            "quoteQty": "315.23908800",
            "time": 1732292032138,
            "isBuyerMaker": true,
            "isBestMatch": true
        },
        {
            "id": 1920403,
            "price": "3297.48000000",
            "qty": "0.07590000",
            "quoteQty": "250.27873200",
            "time": 1732292032155,
            "isBuyerMaker": true,
            "isBestMatch": true
        },
        {
            "id": 1920404,
            "price": "3297.48000000",
            "qty": "0.13200000",
            "quoteQty": "435.26736000",
            "time": 1732292032162,
            "isBuyerMaker": true,
            "isBestMatch": true
        },
        {
            "id": 1920405,
            "price": "3297.48000000",
            "qty": "0.14730000",
            "quoteQty": "485.71880400",
            "time": 1732292033483,
            "isBuyerMaker": true,
            "isBestMatch": true
        },
        {
            "id": 1920406,
            "price": "3297.48000000",
            "qty": "0.12750000",
            "quoteQty": "420.42870000",
            "time": 1732292033491,
            "isBuyerMaker": true,
            "isBestMatch": true
        },
        {
            "id": 1920407,
            "price": "3297.48000000",
            "qty": "0.09870000",
            "quoteQty": "325.46127600",
            "time": 1732292033500,
            "isBuyerMaker": true,
            "isBestMatch": true
        },
        {
            "id": 1920408,
            "price": "3297.48000000",
            "qty": "0.08200000",
            "quoteQty": "270.39336000",
            "time": 1732292033507,
            "isBuyerMaker": true,
            "isBestMatch": true
        },
        {
            "id": 1920409,
            "price": "3297.48000000",
            "qty": "0.08050000",
            "quoteQty": "265.44714000",
            "time": 1732292035069,
            "isBuyerMaker": true,
            "isBestMatch": true
        },
        {
            "id": 1920410,
            "price": "3297.48000000",
            "qty": "0.09110000",
            "quoteQty": "300.40042800",
            "time": 1732292035076,
            "isBuyerMaker": true,
            "isBestMatch": true
        },
        {
            "id": 1920411,
            "price": "3297.48000000",
            "qty": "0.09410000",
            "quoteQty": "310.29286800",
            "time": 1732292036475,
            "isBuyerMaker": true,
            "isBestMatch": true
        },
        {
            "id": 1920412,
            "price": "3297.48000000",
            "qty": "0.14420000",
            "quoteQty": "475.49661600",
            "time": 1732292037874,
            "isBuyerMaker": true,
            "isBestMatch": true
        },
        {
            "id": 1920413,
            "price": "3297.48000000",
            "qty": "0.08810000",
            "quoteQty": "290.50798800",
            "time": 1732292039320,
            "isBuyerMaker": true,
            "isBestMatch": true
        },
        {
            "id": 1920414,
            "price": "3297.48000000",
            "qty": "0.14570000",
            "quoteQty": "480.44283600",
            "time": 1732292039338,
            "isBuyerMaker": true,
            "isBestMatch": true
        },
        {
            "id": 1920415,
            "price": "3297.48000000",
            "qty": "0.09110000",
            "quoteQty": "300.40042800",
            "time": 1732292039356,
            "isBuyerMaker": true,
            "isBestMatch": true
        },
        {
            "id": 1920416,
            "price": "3297.48000000",
            "qty": "0.09110000",
            "quoteQty": "300.40042800",
            "time": 1732292040852,
            "isBuyerMaker": true,
            "isBestMatch": true
        },
        {
            "id": 1920417,
            "price": "3297.48000000",
            "qty": "0.14880000",
            "quoteQty": "490.66502400",
            "time": 1732292040869,
            "isBuyerMaker": true,
            "isBestMatch": true
        },
        {
            "id": 1920418,
            "price": "3297.48000000",
            "qty": "0.12600000",
            "quoteQty": "415.48248000",
            "time": 1732292042691,
            "isBuyerMaker": true,
            "isBestMatch": true
        },
        {
            "id": 1920419,
            "price": "3297.48000000",
            "qty": "0.10930000",
            "quoteQty": "360.41456400",
            "time": 1732292044467,
            "isBuyerMaker": true,
            "isBestMatch": true
        },
        {
            "id": 1920420,
            "price": "3297.48000000",
            "qty": "0.09560000",
            "quoteQty": "315.23908800",
            "time": 1732292045815,
            "isBuyerMaker": true,
            "isBestMatch": true
        },
        {
            "id": 1920421,
            "price": "3297.48000000",
            "qty": "0.07740000",
            "quoteQty": "255.22495200",
            "time": 1732292048277,
            "isBuyerMaker": true,
            "isBestMatch": true
        },
        {
            "id": 1920422,
            "price": "3297.48000000",
            "qty": "0.12440000",
            "quoteQty": "410.20651200",
            "time": 1732292050344,
            "isBuyerMaker": true,
            "isBestMatch": true
        },
        {
            "id": 1920423,
            "price": "3297.48000000",
            "qty": "0.13050000",
            "quoteQty": "430.32114000",
            "time": 1732292052070,
            "isBuyerMaker": true,
            "isBestMatch": true
        },
        {
            "id": 1920424,
            "price": "3297.48000000",
            "qty": "0.08800000",
            "quoteQty": "290.17824000",
            "time": 1732292052080,
            "isBuyerMaker": true,
            "isBestMatch": true
        },
        {
            "id": 1920425,
            "price": "3297.48000000",
            "qty": "0.14720000",
            "quoteQty": "485.38905600",
            "time": 1732292052094,
            "isBuyerMaker": true,
            "isBestMatch": true
        },
        {
            "id": 1920426,
            "price": "3297.48000000",
            "qty": "0.13050000",
            "quoteQty": "430.32114000",
            "time": 1732292052106,
            "isBuyerMaker": true,
            "isBestMatch": true
        },
        {
            "id": 1920427,
            "price": "3297.48000000",
            "qty": "0.14720000",
            "quoteQty": "485.38905600",
            "time": 1732292052116,
            "isBuyerMaker": true,
            "isBestMatch": true
        },
        {
            "id": 1920428,
            "price": "3297.48000000",
            "qty": "0.09110000",
            "quoteQty": "300.40042800",
            "time": 1732292052122,
            "isBuyerMaker": true,
            "isBestMatch": true
        },
        {
            "id": 1920429,
            "price": "3297.48000000",
            "qty": "0.12600000",
            "quoteQty": "415.48248000",
            "time": 1732292053534,
            "isBuyerMaker": true,
            "isBestMatch": true
        },
        {
            "id": 1920430,
            "price": "3297.48000000",
            "qty": "0.14110000",
            "quoteQty": "465.27442800",
            "time": 1732292054893,
            "isBuyerMaker": true,
            "isBestMatch": true
        },
        {
            "id": 1920431,
            "price": "3297.48000000",
            "qty": "0.11380000",
            "quoteQty": "375.25322400",
            "time": 1732292056331,
            "isBuyerMaker": true,
            "isBestMatch": true
        },
        {
            "id": 1920432,
            "price": "3297.48000000",
            "qty": "0.08200000",
            "quoteQty": "270.39336000",
            "time": 1732292057271,
            "isBuyerMaker": true,
            "isBestMatch": true
        },
        {
            "id": 1920433,
            "price": "3297.48000000",
            "qty": "0.07890000",
            "quoteQty": "260.17117200",
            "time": 1732292058524,
            "isBuyerMaker": true,
            "isBestMatch": true
        },
        {
            "id": 1920434,
            "price": "3297.48000000",
            "qty": "0.14270000",
            "quoteQty": "470.55039600",
            "time": 1732292059870,
            "isBuyerMaker": true,
            "isBestMatch": true
        },
        {
            "id": 1920435,
            "price": "3297.48000000",
            "qty": "0.08200000",
            "quoteQty": "270.39336000",
            "time": 1732292061085,
            "isBuyerMaker": true,
            "isBestMatch": true
        },
        {
            "id": 1920436,
            "price": "3297.48000000",
            "qty": "0.08040000",
            "quoteQty": "265.11739200",
            "time": 1732292062433,
            "isBuyerMaker": true,
            "isBestMatch": true
        },
        {
            "id": 1920437,
            "price": "3297.48000000",
            "qty": "0.09860000",
            "quoteQty": "325.13152800",
            "time": 1732292064099,
            "isBuyerMaker": true,
            "isBestMatch": true
        },
        {
            "id": 1920438,
            "price": "3297.48000000",
            "qty": "0.12440000",
            "quoteQty": "410.20651200",
            "time": 1732292064121,
            "isBuyerMaker": true,
            "isBestMatch": true
        },
        {
            "id": 1920439,
            "price": "3297.48000000",
            "qty": "0.13660000",
            "quoteQty": "450.43576800",
            "time": 1732292064132,
            "isBuyerMaker": true,
            "isBestMatch": true
        },
        {
            "id": 1920440,
            "price": "3297.48000000",
            "qty": "0.09710000",
            "quoteQty": "320.18530800",
            "time": 1732292065423,
            "isBuyerMaker": true,
            "isBestMatch": true
        },
        {
            "id": 1920441,
            "price": "3297.48000000",
            "qty": "0.14570000",
            "quoteQty": "480.44283600",
            "time": 1732292065432,
            "isBuyerMaker": true,
            "isBestMatch": true
        },
        {
            "id": 1920442,
            "price": "3297.48000000",
            "qty": "0.09410000",
            "quoteQty": "310.29286800",
            "time": 1732292065444,
            "isBuyerMaker": true,
            "isBestMatch": true
        },
        {
            "id": 1920443,
            "price": "3297.48000000",
            "qty": "0.08500000",
            "quoteQty": "280.28580000",
            "time": 1732292066235,
            "isBuyerMaker": true,
            "isBestMatch": true
        },
        {
            "id": 1920444,
            "price": "3297.48000000",
            "qty": "0.12440000",
            "quoteQty": "410.20651200",
            "time": 1732292067924,
            "isBuyerMaker": true,
            "isBestMatch": true
        },
        {
            "id": 1920445,
            "price": "3297.48000000",
            "qty": "0.11840000",
            "quoteQty": "390.42163200",
            "time": 1732292067930,
            "isBuyerMaker": true,
            "isBestMatch": true
        },
        {
            "id": 1920446,
            "price": "3297.48000000",
            "qty": "0.10320000",
            "quoteQty": "340.29993600",
            "time": 1732292069269,
            "isBuyerMaker": true,
            "isBestMatch": true
        },
        {
            "id": 1920447,
            "price": "3297.48000000",
            "qty": "0.13960000",
            "quoteQty": "460.32820800",
            "time": 1732292070657,
            "isBuyerMaker": true,
            "isBestMatch": true
        },
        {
            "id": 1920448,
            "price": "3297.48000000",
            "qty": "0.08650000",
            "quoteQty": "285.23202000",
            "time": 1732292072272,
            "isBuyerMaker": true,
            "isBestMatch": true
        },
        {
            "id": 1920449,
            "price": "3297.48000000",
            "qty": "0.14870000",
            "quoteQty": "490.33527600",
            "time": 1732292072282,
            "isBuyerMaker": true,
            "isBestMatch": true
        },
        {
            "id": 1920450,
            "price": "3297.48000000",
            "qty": "0.14410000",
            "quoteQty": "475.16686800",
            "time": 1732292073707,
            "isBuyerMaker": true,
            "isBestMatch": true
        },
        {
            "id": 1920451,
            "price": "3297.48000000",
            "qty": "0.13200000",
            "quoteQty": "435.26736000",
            "time": 1732292074969,
            "isBuyerMaker": true,
            "isBestMatch": true
        },
        {
            "id": 1920452,
            "price": "3297.48000000",
            "qty": "0.11840000",
            "quoteQty": "390.42163200",
            "time": 1732292074979,
            "isBuyerMaker": true,
            "isBestMatch": true
        },
        {
            "id": 1920453,
            "price": "3297.48000000",
            "qty": "0.11230000",
            "quoteQty": "370.30700400",
            "time": 1732292076157,
            "isBuyerMaker": true,
            "isBestMatch": true
        },
        {
            "id": 1920454,
            "price": "3297.48000000",
            "qty": "0.14260000",
            "quoteQty": "470.22064800",
            "time": 1732292076172,
            "isBuyerMaker": true,
            "isBestMatch": true
        },
        {
            "id": 1920455,
            "price": "3297.48000000",
            "qty": "0.09410000",
            "quoteQty": "310.29286800",
            "time": 1732292077097,
            "isBuyerMaker": true,
            "isBestMatch": true
        },
        {
            "id": 1920456,
            "price": "3297.48000000",
            "qty": "0.09710000",
            "quoteQty": "320.18530800",
            "time": 1732292078681,
            "isBuyerMaker": true,
            "isBestMatch": true
        },
        {
            "id": 1920457,
            "price": "3297.48000000",
            "qty": "0.15020000",
            "quoteQty": "495.28149600",
            "time": 1732292079732,
            "isBuyerMaker": true,
            "isBestMatch": true
        },
        {
            "id": 1920458,
            "price": "3297.48000000",
            "qty": "0.12900000",
            "quoteQty": "425.37492000",
            "time": 1732292081094,
            "isBuyerMaker": true,
            "isBestMatch": true
        },
        {
            "id": 1920459,
            "price": "3297.48000000",
            "qty": "0.12290000",
            "quoteQty": "405.26029200",
            "time": 1732292083014,
            "isBuyerMaker": true,
            "isBestMatch": true
        },
        {
            "id": 1920460,
            "price": "3297.48000000",
            "qty": "0.10930000",
            "quoteQty": "360.41456400",
            "time": 1732292084655,
            "isBuyerMaker": true,
            "isBestMatch": true
        },
        {
            "id": 1920461,
            "price": "3297.48000000",
            "qty": "0.11530000",
            "quoteQty": "380.19944400",
            "time": 1732292084662,
            "isBuyerMaker": true,
            "isBestMatch": true
        },
        {
            "id": 1920462,
            "price": "3297.48000000",
            "qty": "0.13510000",
            "quoteQty": "445.48954800",
            "time": 1732292085592,
            "isBuyerMaker": true,
            "isBestMatch": true
        },
        {
            "id": 1920463,
            "price": "3297.48000000",
            "qty": "0.10320000",
            "quoteQty": "340.29993600",
            "time": 1732292086890,
            "isBuyerMaker": true,
            "isBestMatch": true
        },
        {
            "id": 1920464,
            "price": "3297.48000000",
            "qty": "0.07890000",
            "quoteQty": "260.17117200",
            "time": 1732292088295,
            "isBuyerMaker": true,
            "isBestMatch": true
        },
        {
            "id": 1920465,
            "price": "3297.48000000",
            "qty": "0.13500000",
            "quoteQty": "445.15980000",
            "time": 1732292088311,
            "isBuyerMaker": true,
            "isBestMatch": true
        },
        {
            "id": 1920466,
            "price": "3297.48000000",
            "qty": "0.13810000",
            "quoteQty": "455.38198800",
            "time": 1732292089415,
            "isBuyerMaker": true,
            "isBestMatch": true
        },
        {
            "id": 1920467,
            "price": "3297.48000000",
            "qty": "0.10780000",
            "quoteQty": "355.46834400",
            "time": 1732292089445,
            "isBuyerMaker": true,
            "isBestMatch": true
        },
        {
            "id": 1920468,
            "price": "3297.48000000",
            "qty": "0.12300000",
            "quoteQty": "405.59004000",
            "time": 1732292091099,
            "isBuyerMaker": true,
            "isBestMatch": true
        },
        {
            "id": 1920469,
            "price": "3297.48000000",
            "qty": "0.09410000",
            "quoteQty": "310.29286800",
            "time": 1732292091122,
            "isBuyerMaker": true,
            "isBestMatch": true
        },
        {
            "id": 1920470,
            "price": "3297.48000000",
            "qty": "0.09260000",
            "quoteQty": "305.34664800",
            "time": 1732292091134,
            "isBuyerMaker": true,
            "isBestMatch": true
        },
        {
            "id": 1920471,
            "price": "3297.48000000",
            "qty": "0.15180000",
            "quoteQty": "500.55746400",
            "time": 1732292092558,
            "isBuyerMaker": true,
            "isBestMatch": true
        },
        {
            "id": 1920472,
            "price": "3297.48000000",
            "qty": "0.13210000",
            "quoteQty": "435.59710800",
            "time": 1732292092575,
            "isBuyerMaker": true,
            "isBestMatch": true
        },
        {
            "id": 1920473,
            "price": "3297.48000000",
            "qty": "0.11230000",
            "quoteQty": "370.30700400",
            "time": 1732292093628,
            "isBuyerMaker": true,
            "isBestMatch": true
        },
        {
            "id": 1920474,
            "price": "3297.48000000",
            "qty": "0.14270000",
            "quoteQty": "470.55039600",
            "time": 1732292094684,
            "isBuyerMaker": true,
            "isBestMatch": true
        },
        {
            "id": 1920475,
            "price": "3297.48000000",
            "qty": "0.13810000",
            "quoteQty": "455.38198800",
            "time": 1732292095743,
            "isBuyerMaker": true,
            "isBestMatch": true
        },
        {
            "id": 1920476,
            "price": "3297.48000000",
            "qty": "0.14120000",
            "quoteQty": "465.60417600",
            "time": 1732292095770,
            "isBuyerMaker": true,
            "isBestMatch": true
        },
        {
            "id": 1920477,
            "price": "3297.48000000",
            "qty": "0.14420000",
            "quoteQty": "475.49661600",
            "time": 1732292095790,
            "isBuyerMaker": true,
            "isBestMatch": true
        },
        {
            "id": 1920478,
            "price": "3297.48000000",
            "qty": "0.13510000",
            "quoteQty": "445.48954800",
            "time": 1732292095811,
            "isBuyerMaker": true,
            "isBestMatch": true
        },
        {
            "id": 1920479,
            "price": "3297.48000000",
            "qty": "0.09110000",
            "quoteQty": "300.40042800",
            "time": 1732292095828,
            "isBuyerMaker": true,
            "isBestMatch": true
        },
        {
            "id": 1920480,
            "price": "3297.48000000",
            "qty": "0.09560000",
            "quoteQty": "315.23908800",
            "time": 1732292095867,
            "isBuyerMaker": true,
            "isBestMatch": true
        },
        {
            "id": 1920481,
            "price": "3297.48000000",
            "qty": "0.13360000",
            "quoteQty": "440.54332800",
            "time": 1732292095880,
            "isBuyerMaker": true,
            "isBestMatch": true
        },
        {
            "id": 1920482,
            "price": "3297.48000000",
            "qty": "0.10780000",
            "quoteQty": "355.46834400",
            "time": 1732292097201,
            "isBuyerMaker": true,
            "isBestMatch": true
        },
        {
            "id": 1920483,
            "price": "3297.48000000",
            "qty": "0.12750000",
            "quoteQty": "420.42870000",
            "time": 1732292097222,
            "isBuyerMaker": true,
            "isBestMatch": true
        },
        {
            "id": 1920484,
            "price": "3297.48000000",
            "qty": "0.14880000",
            "quoteQty": "490.66502400",
            "time": 1732292098731,
            "isBuyerMaker": true,
            "isBestMatch": true
        },
        {
            "id": 1920485,
            "price": "3297.48000000",
            "qty": "0.07750000",
            "quoteQty": "255.55470000",
            "time": 1732292099918,
            "isBuyerMaker": true,
            "isBestMatch": true
        },
        {
            "id": 1920486,
            "price": "3297.48000000",
            "qty": "0.12300000",
            "quoteQty": "405.59004000",
            "time": 1732292101062,
            "isBuyerMaker": true,
            "isBestMatch": true
        },
        {
            "id": 1920487,
            "price": "3297.48000000",
            "qty": "0.07750000",
            "quoteQty": "255.55470000",
            "time": 1732292102333,
            "isBuyerMaker": true,
            "isBestMatch": true
        },
        {
            "id": 1920488,
            "price": "3297.48000000",
            "qty": "0.13210000",
            "quoteQty": "435.59710800",
            "time": 1732292104041,
            "isBuyerMaker": true,
            "isBestMatch": true
        },
        {
            "id": 1920489,
            "price": "3297.48000000",
            "qty": "0.11240000",
            "quoteQty": "370.63675200",
            "time": 1732292105844,
            "isBuyerMaker": true,
            "isBestMatch": true
        },
        {
            "id": 1920490,
            "price": "3297.48000000",
            "qty": "0.10630000",
            "quoteQty": "350.52212400",
            "time": 1732292105850,
            "isBuyerMaker": true,
            "isBestMatch": true
        },
        {
            "id": 1920491,
            "price": "3297.48000000",
            "qty": "0.07590000",
            "quoteQty": "250.27873200",
            "time": 1732292105872,
            "isBuyerMaker": true,
            "isBestMatch": true
        },
        {
            "id": 1920492,
            "price": "3297.48000000",
            "qty": "0.14270000",
            "quoteQty": "470.55039600",
            "time": 1732292105892,
            "isBuyerMaker": true,
            "isBestMatch": true
        },
        {
            "id": 1920493,
            "price": "3297.48000000",
            "qty": "0.10170000",
            "quoteQty": "335.35371600",
            "time": 1732292105903,
            "isBuyerMaker": true,
            "isBestMatch": true
        },
        {
            "id": 1920494,
            "price": "3297.48000000",
            "qty": "0.14120000",
            "quoteQty": "465.60417600",
            "time": 1732292105919,
            "isBuyerMaker": true,
            "isBestMatch": true
        },
        {
            "id": 1920495,
            "price": "3297.48000000",
            "qty": "0.11080000",
            "quoteQty": "365.36078400",
            "time": 1732292107567,
            "isBuyerMaker": true,
            "isBestMatch": true
        },
        {
            "id": 1920496,
            "price": "3297.48000000",
            "qty": "0.12150000",
            "quoteQty": "400.64382000",
            "time": 1732292107577,
            "isBuyerMaker": true,
            "isBestMatch": true
        },
        {
            "id": 1920497,
            "price": "3297.48000000",
            "qty": "0.13660000",
            "quoteQty": "450.43576800",
            "time": 1732292108932,
            "isBuyerMaker": true,
            "isBestMatch": true
        },
        {
            "id": 1920498,
            "price": "3297.48000000",
            "qty": "0.15030000",
            "quoteQty": "495.61124400",
            "time": 1732292108938,
            "isBuyerMaker": true,
            "isBestMatch": true
        },
        {
            "id": 1920499,
            "price": "3297.48000000",
            "qty": "0.09110000",
            "quoteQty": "300.40042800",
            "time": 1732292108950,
            "isBuyerMaker": true,
            "isBestMatch": true
        },
        {
            "id": 1920500,
            "price": "3297.48000000",
            "qty": "0.10780000",
            "quoteQty": "355.46834400",
            "time": 1732292110765,
            "isBuyerMaker": true,
            "isBestMatch": true
        },
        {
            "id": 1920501,
            "price": "3297.48000000",
            "qty": "0.12600000",
            "quoteQty": "415.48248000",
            "time": 1732292110777,
            "isBuyerMaker": true,
            "isBestMatch": true
        },
        {
            "id": 1920502,
            "price": "3330.44000000",
            "qty": "0.01490000",
            "quoteQty": "49.62355600",
            "time": 1732292112525,
            "isBuyerMaker": true,
            "isBestMatch": true
        },
        {
            "id": 1920503,
            "price": "3330.44000000",
            "qty": "0.00010000",
            "quoteQty": "0.33304400",
            "time": 1732292112607,
            "isBuyerMaker": true,
            "isBestMatch": true
        },
        {
            "id": 1920504,
            "price": "3296.42000000",
            "qty": "0.11230000",
            "quoteQty": "370.18796600",
            "time": 1732292112607,
            "isBuyerMaker": true,
            "isBestMatch": true
        },
        {
            "id": 1920505,
            "price": "3296.42000000",
            "qty": "0.00760000",
            "quoteQty": "25.05279200",
            "time": 1732292112618,
            "isBuyerMaker": true,
            "isBestMatch": true
        },
        {
            "id": 1920506,
            "price": "3296.42000000",
            "qty": "0.12150000",
            "quoteQty": "400.51503000",
            "time": 1732292112618,
            "isBuyerMaker": true,
            "isBestMatch": true
        },
        {
            "id": 1920507,
            "price": "3296.42000000",
            "qty": "0.14880000",
            "quoteQty": "490.50729600",
            "time": 1732292112628,
            "isBuyerMaker": true,
            "isBestMatch": true
        },
        {
            "id": 1920508,
            "price": "3296.42000000",
            "qty": "0.12300000",
            "quoteQty": "405.45966000",
            "time": 1732292114138,
            "isBuyerMaker": true,
            "isBestMatch": true
        },
        {
            "id": 1920509,
            "price": "3296.42000000",
            "qty": "0.10020000",
            "quoteQty": "330.30128400",
            "time": 1732292115946,
            "isBuyerMaker": true,
            "isBestMatch": true
        },
        {
            "id": 1920510,
            "price": "3296.42000000",
            "qty": "0.08900000",
            "quoteQty": "293.38138000",
            "time": 1732292117528,
            "isBuyerMaker": true,
            "isBestMatch": true
        },
        {
            "id": 1920511,
            "price": "3296.42000000",
            "qty": "0.13820000",
            "quoteQty": "455.56524400",
            "time": 1732292117890,
            "isBuyerMaker": true,
            "isBestMatch": true
        },
        {
            "id": 1920512,
            "price": "3296.42000000",
            "qty": "0.12000000",
            "quoteQty": "395.57040000",
            "time": 1732292117901,
            "isBuyerMaker": true,
            "isBestMatch": true
        },
        {
            "id": 1920513,
            "price": "3296.42000000",
            "qty": "0.14280000",
            "quoteQty": "470.72877600",
            "time": 1732292117916,
            "isBuyerMaker": true,
            "isBestMatch": true
        },
        {
            "id": 1920514,
            "price": "3296.42000000",
            "qty": "0.13520000",
            "quoteQty": "445.67598400",
            "time": 1732292119176,
            "isBuyerMaker": true,
            "isBestMatch": true
        },
        {
            "id": 1920515,
            "price": "3296.42000000",
            "qty": "0.13520000",
            "quoteQty": "445.67598400",
            "time": 1732292119187,
            "isBuyerMaker": true,
            "isBestMatch": true
        },
        {
            "id": 1920516,
            "price": "3296.42000000",
            "qty": "0.12910000",
            "quoteQty": "425.56782200",
            "time": 1732292120199,
            "isBuyerMaker": true,
            "isBestMatch": true
        },
        {
            "id": 1920517,
            "price": "3296.42000000",
            "qty": "0.10330000",
            "quoteQty": "340.52018600",
            "time": 1732292120207,
            "isBuyerMaker": true,
            "isBestMatch": true
        },
        {
            "id": 1920518,
            "price": "3296.42000000",
            "qty": "0.13370000",
            "quoteQty": "440.73135400",
            "time": 1732292121667,
            "isBuyerMaker": true,
            "isBestMatch": true
        },
        {
            "id": 1920519,
            "price": "3296.42000000",
            "qty": "0.09720000",
            "quoteQty": "320.41202400",
            "time": 1732292121707,
            "isBuyerMaker": true,
            "isBestMatch": true
        },
        {
            "id": 1920520,
            "price": "3296.42000000",
            "qty": "0.14130000",
            "quoteQty": "465.78414600",
            "time": 1732292124893,
            "isBuyerMaker": true,
            "isBestMatch": true
        },
        {
            "id": 1920521,
            "price": "3296.42000000",
            "qty": "0.11390000",
            "quoteQty": "375.46223800",
            "time": 1732292126767,
            "isBuyerMaker": true,
            "isBestMatch": true
        },
        {
            "id": 1920522,
            "price": "3296.42000000",
            "qty": "0.13370000",
            "quoteQty": "440.73135400",
            "time": 1732292126776,
            "isBuyerMaker": true,
            "isBestMatch": true
        },
        {
            "id": 1920523,
            "price": "3296.42000000",
            "qty": "0.08360000",
            "quoteQty": "275.58071200",
            "time": 1732292128134,
            "isBuyerMaker": true,
            "isBestMatch": true
        },
        {
            "id": 1920524,
            "price": "3296.42000000",
            "qty": "0.12000000",
            "quoteQty": "395.57040000",
            "time": 1732292129879,
            "isBuyerMaker": true,
            "isBestMatch": true
        },
        {
            "id": 1920525,
            "price": "3296.42000000",
            "qty": "0.09920000",
            "quoteQty": "327.00486400",
            "time": 1732292131527,
            "isBuyerMaker": true,
            "isBestMatch": true
        },
        {
            "id": 1920526,
            "price": "3296.42000000",
            "qty": "0.11700000",
            "quoteQty": "385.68114000",
            "time": 1732292131774,
            "isBuyerMaker": true,
            "isBestMatch": true
        },
        {
            "id": 1920527,
            "price": "3296.42000000",
            "qty": "0.13970000",
            "quoteQty": "460.50987400",
            "time": 1732292132965,
            "isBuyerMaker": true,
            "isBestMatch": true
        },
        {
            "id": 1920528,
            "price": "3296.42000000",
            "qty": "0.04300000",
            "quoteQty": "141.74606000",
            "time": 1732292133526,
            "isBuyerMaker": true,
            "isBestMatch": true
        },
        {
            "id": 1920529,
            "price": "3296.42000000",
            "qty": "0.08510000",
            "quoteQty": "280.52534200",
            "time": 1732292134710,
            "isBuyerMaker": true,
            "isBestMatch": true
        },
        {
            "id": 1920530,
            "price": "3296.42000000",
            "qty": "0.09110000",
            "quoteQty": "300.30386200",
            "time": 1732292134716,
            "isBuyerMaker": true,
            "isBestMatch": true
        },
        {
            "id": 1920531,
            "price": "3296.42000000",
            "qty": "0.11540000",
            "quoteQty": "380.40686800",
            "time": 1732292135918,
            "isBuyerMaker": true,
            "isBestMatch": true
        },
        {
            "id": 1920532,
            "price": "3296.42000000",
            "qty": "0.09420000",
            "quoteQty": "310.52276400",
            "time": 1732292137251,
            "isBuyerMaker": true,
            "isBestMatch": true
        },
        {
            "id": 1920533,
            "price": "3296.42000000",
            "qty": "0.13360000",
            "quoteQty": "440.40171200",
            "time": 1732292137265,
            "isBuyerMaker": true,
            "isBestMatch": true
        },
        {
            "id": 1920534,
            "price": "3296.42000000",
            "qty": "0.12000000",
            "quoteQty": "395.57040000",
            "time": 1732292137273,
            "isBuyerMaker": true,
            "isBestMatch": true
        },
        {
            "id": 1920535,
            "price": "3296.42000000",
            "qty": "0.11840000",
            "quoteQty": "390.29612800",
            "time": 1732292138971,
            "isBuyerMaker": true,
            "isBestMatch": true
        },
        {
            "id": 1920536,
            "price": "3296.42000000",
            "qty": "0.08660000",
            "quoteQty": "285.46997200",
            "time": 1732292138980,
            "isBuyerMaker": true,
            "isBestMatch": true
        },
        {
            "id": 1920537,
            "price": "3296.42000000",
            "qty": "0.08960000",
            "quoteQty": "295.35923200",
            "time": 1732292138991,
            "isBuyerMaker": true,
            "isBestMatch": true
        },
        {
            "id": 1920538,
            "price": "3296.42000000",
            "qty": "0.11240000",
            "quoteQty": "370.51760800",
            "time": 1732292139001,
            "isBuyerMaker": true,
            "isBestMatch": true
        },
        {
            "id": 1920539,
            "price": "3296.42000000",
            "qty": "0.13360000",
            "quoteQty": "440.40171200",
            "time": 1732292139022,
            "isBuyerMaker": true,
            "isBestMatch": true
        },
        {
            "id": 1920540,
            "price": "3296.42000000",
            "qty": "0.10780000",
            "quoteQty": "355.35407600",
            "time": 1732292140557,
            "isBuyerMaker": true,
            "isBestMatch": true
        },
        {
            "id": 1920541,
            "price": "3296.42000000",
            "qty": "0.14420000",
            "quoteQty": "475.34376400",
            "time": 1732292140584,
            "isBuyerMaker": true,
            "isBestMatch": true
        },
        {
            "id": 1920542,
            "price": "3296.42000000",
            "qty": "0.08050000",
            "quoteQty": "265.36181000",
            "time": 1732292140597,
            "isBuyerMaker": true,
            "isBestMatch": true
        },
        {
            "id": 1920543,
            "price": "3296.42000000",
            "qty": "0.12910000",
            "quoteQty": "425.56782200",
            "time": 1732292140604,
            "isBuyerMaker": true,
            "isBestMatch": true
        },
        {
            "id": 1920544,
            "price": "3296.42000000",
            "qty": "0.10170000",
            "quoteQty": "335.24591400",
            "time": 1732292142614,
            "isBuyerMaker": true,
            "isBestMatch": true
        },
        {
            "id": 1920545,
            "price": "3296.42000000",
            "qty": "0.13360000",
            "quoteQty": "440.40171200",
            "time": 1732292144690,
            "isBuyerMaker": true,
            "isBestMatch": true
        },
        {
            "id": 1920546,
            "price": "3296.42000000",
            "qty": "0.12760000",
            "quoteQty": "420.62319200",
            "time": 1732292146413,
            "isBuyerMaker": true,
            "isBestMatch": true
        },
        {
            "id": 1920547,
            "price": "3296.42000000",
            "qty": "0.09260000",
            "quoteQty": "305.24849200",
            "time": 1732292146423,
            "isBuyerMaker": true,
            "isBestMatch": true
        },
        {
            "id": 1920548,
            "price": "3296.42000000",
            "qty": "0.14270000",
            "quoteQty": "470.39913400",
            "time": 1732292146429,
            "isBuyerMaker": true,
            "isBestMatch": true
        },
        {
            "id": 1920549,
            "price": "3296.42000000",
            "qty": "0.12760000",
            "quoteQty": "420.62319200",
            "time": 1732292146435,
            "isBuyerMaker": true,
            "isBestMatch": true
        },
        {
            "id": 1920550,
            "price": "3296.42000000",
            "qty": "0.10480000",
            "quoteQty": "345.46481600",
            "time": 1732292148320,
            "isBuyerMaker": true,
            "isBestMatch": true
        },
        {
            "id": 1920551,
            "price": "3296.42000000",
            "qty": "0.08200000",
            "quoteQty": "270.30644000",
            "time": 1732292150052,
            "isBuyerMaker": true,
            "isBestMatch": true
        },
        {
            "id": 1920552,
            "price": "3296.42000000",
            "qty": "0.14280000",
            "quoteQty": "470.72877600",
            "time": 1732292151946,
            "isBuyerMaker": true,
            "isBestMatch": true
        },
        {
            "id": 1920553,
            "price": "3296.42000000",
            "qty": "0.13370000",
            "quoteQty": "440.73135400",
            "time": 1732292153912,
            "isBuyerMaker": true,
            "isBestMatch": true
        },
        {
            "id": 1920554,
            "price": "3296.42000000",
            "qty": "0.13520000",
            "quoteQty": "445.67598400",
            "time": 1732292153921,
            "isBuyerMaker": true,
            "isBestMatch": true
        },
        {
            "id": 1920555,
            "price": "3296.42000000",
            "qty": "0.11700000",
            "quoteQty": "385.68114000",
            "time": 1732292153934,
            "isBuyerMaker": true,
            "isBestMatch": true
        },
        {
            "id": 1920556,
            "price": "3296.42000000",
            "qty": "0.11850000",
            "quoteQty": "390.62577000",
            "time": 1732292153977,
            "isBuyerMaker": true,
            "isBestMatch": true
        },
        {
            "id": 1920557,
            "price": "3296.42000000",
            "qty": "0.12460000",
            "quoteQty": "410.73393200",
            "time": 1732292154003,
            "isBuyerMaker": true,
            "isBestMatch": true
        },
        {
            "id": 1920558,
            "price": "3296.42000000",
            "qty": "0.09570000",
            "quoteQty": "315.46739400",
            "time": 1732292154026,
            "isBuyerMaker": true,
            "isBestMatch": true
        },
        {
            "id": 1920559,
            "price": "3296.42000000",
            "qty": "0.12460000",
            "quoteQty": "410.73393200",
            "time": 1732292154058,
            "isBuyerMaker": true,
            "isBestMatch": true
        },
        {
            "id": 1920560,
            "price": "3296.42000000",
            "qty": "0.13070000",
            "quoteQty": "430.84209400",
            "time": 1732292155958,
            "isBuyerMaker": true,
            "isBestMatch": true
        },
        {
            "id": 1920561,
            "price": "3296.42000000",
            "qty": "0.13370000",
            "quoteQty": "440.73135400",
            "time": 1732292155977,
            "isBuyerMaker": true,
            "isBestMatch": true
        },
        {
            "id": 1920562,
            "price": "3296.42000000",
            "qty": "0.14130000",
            "quoteQty": "465.78414600",
            "time": 1732292158411,
            "isBuyerMaker": true,
            "isBestMatch": true
        },
        {
            "id": 1920563,
            "price": "3296.42000000",
            "qty": "0.12160000",
            "quoteQty": "400.84467200",
            "time": 1732292158427,
            "isBuyerMaker": true,
            "isBestMatch": true
        },
        {
            "id": 1920564,
            "price": "3296.42000000",
            "qty": "0.12610000",
            "quoteQty": "415.67856200",
            "time": 1732292160201,
            "isBuyerMaker": true,
            "isBestMatch": true
        },
        {
            "id": 1920565,
            "price": "3296.42000000",
            "qty": "0.12920000",
            "quoteQty": "425.89746400",
            "time": 1732292160219,
            "isBuyerMaker": true,
            "isBestMatch": true
        },
        {
            "id": 1920566,
            "price": "3296.42000000",
            "qty": "0.14280000",
            "quoteQty": "470.72877600",
            "time": 1732292161363,
            "isBuyerMaker": true,
            "isBestMatch": true
        },
        {
            "id": 1920567,
            "price": "3296.42000000",
            "qty": "0.09570000",
            "quoteQty": "315.46739400",
            "time": 1732292163003,
            "isBuyerMaker": true,
            "isBestMatch": true
        },
        {
            "id": 1920568,
            "price": "3296.42000000",
            "qty": "0.08970000",
            "quoteQty": "295.68887400",
            "time": 1732292163013,
            "isBuyerMaker": true,
            "isBestMatch": true
        },
        {
            "id": 1920569,
            "price": "3296.42000000",
            "qty": "0.11240000",
            "quoteQty": "370.51760800",
            "time": 1732292163031,
            "isBuyerMaker": true,
            "isBestMatch": true
        },
        {
            "id": 1920570,
            "price": "3296.42000000",
            "qty": "0.13980000",
            "quoteQty": "460.83951600",
            "time": 1732292164637,
            "isBuyerMaker": true,
            "isBestMatch": true
        },
        {
            "id": 1920571,
            "price": "3296.42000000",
            "qty": "0.08810000",
            "quoteQty": "290.41460200",
            "time": 1732292164647,
            "isBuyerMaker": true,
            "isBestMatch": true
        },
        {
            "id": 1920572,
            "price": "3296.42000000",
            "qty": "0.10480000",
            "quoteQty": "345.46481600",
            "time": 1732292164653,
            "isBuyerMaker": true,
            "isBestMatch": true
        },
        {
            "id": 1920573,
            "price": "3296.42000000",
            "qty": "0.09270000",
            "quoteQty": "305.57813400",
            "time": 1732292166325,
            "isBuyerMaker": true,
            "isBestMatch": true
        },
        {
            "id": 1920574,
            "price": "3296.42000000",
            "qty": "0.14280000",
            "quoteQty": "470.72877600",
            "time": 1732292167795,
            "isBuyerMaker": true,
            "isBestMatch": true
        },
        {
            "id": 1920575,
            "price": "3296.42000000",
            "qty": "0.12150000",
            "quoteQty": "400.51503000",
            "time": 1732292167817,
            "isBuyerMaker": true,
            "isBestMatch": true
        },
        {
            "id": 1920576,
            "price": "3296.42000000",
            "qty": "0.09730000",
            "quoteQty": "320.74166600",
            "time": 1732292171443,
            "isBuyerMaker": true,
            "isBestMatch": true
        },
        {
            "id": 1920577,
            "price": "3296.42000000",
            "qty": "0.10940000",
            "quoteQty": "360.62834800",
            "time": 1732292173099,
            "isBuyerMaker": true,
            "isBestMatch": true
        },
        {
            "id": 1920578,
            "price": "3296.42000000",
            "qty": "0.10030000",
            "quoteQty": "330.63092600",
            "time": 1732292174951,
            "isBuyerMaker": true,
            "isBestMatch": true
        },
        {
            "id": 1920579,
            "price": "3296.42000000",
            "qty": "0.08660000",
            "quoteQty": "285.46997200",
            "time": 1732292176107,
            "isBuyerMaker": true,
            "isBestMatch": true
        },
        {
            "id": 1920580,
            "price": "3296.42000000",
            "qty": "0.07750000",
            "quoteQty": "255.47255000",
            "time": 1732292177232,
            "isBuyerMaker": true,
            "isBestMatch": true
        },
        {
            "id": 1920581,
            "price": "3296.42000000",
            "qty": "0.07900000",
            "quoteQty": "260.41718000",
            "time": 1732292177250,
            "isBuyerMaker": true,
            "isBestMatch": true
        },
        {
            "id": 1920582,
            "price": "3296.42000000",
            "qty": "0.09880000",
            "quoteQty": "325.68629600",
            "time": 1732292178340,
            "isBuyerMaker": true,
            "isBestMatch": true
        },
        {
            "id": 1920583,
            "price": "3296.42000000",
            "qty": "0.10940000",
            "quoteQty": "360.62834800",
            "time": 1732292178353,
            "isBuyerMaker": true,
            "isBestMatch": true
        },
        {
            "id": 1920584,
            "price": "3296.42000000",
            "qty": "0.08660000",
            "quoteQty": "285.46997200",
            "time": 1732292179645,
            "isBuyerMaker": true,
            "isBestMatch": true
        },
        {
            "id": 1920585,
            "price": "3296.42000000",
            "qty": "0.09880000",
            "quoteQty": "325.68629600",
            "time": 1732292180910,
            "isBuyerMaker": true,
            "isBestMatch": true
        },
        {
            "id": 1920586,
            "price": "3296.42000000",
            "qty": "0.11700000",
            "quoteQty": "385.68114000",
            "time": 1732292180918,
            "isBuyerMaker": true,
            "isBestMatch": true
        },
        {
            "id": 1920587,
            "price": "3296.42000000",
            "qty": "0.08970000",
            "quoteQty": "295.68887400",
            "time": 1732292180944,
            "isBuyerMaker": true,
            "isBestMatch": true
        },
        {
            "id": 1920588,
            "price": "3296.42000000",
            "qty": "0.08360000",
            "quoteQty": "275.58071200",
            "time": 1732292180961,
            "isBuyerMaker": true,
            "isBestMatch": true
        },
        {
            "id": 1920589,
            "price": "3296.42000000",
            "qty": "0.14280000",
            "quoteQty": "470.72877600",
            "time": 1732292182563,
            "isBuyerMaker": true,
            "isBestMatch": true
        },
        {
            "id": 1920590,
            "price": "3296.42000000",
            "qty": "0.10790000",
            "quoteQty": "355.68371800",
            "time": 1732292182590,
            "isBuyerMaker": true,
            "isBestMatch": true
        },
        {
            "id": 1920591,
            "price": "3296.42000000",
            "qty": "0.11550000",
            "quoteQty": "380.73651000",
            "time": 1732292182602,
            "isBuyerMaker": true,
            "isBestMatch": true
        },
        {
            "id": 1920592,
            "price": "3296.42000000",
            "qty": "0.10030000",
            "quoteQty": "330.63092600",
            "time": 1732292185034,
            "isBuyerMaker": true,
            "isBestMatch": true
        },
        {
            "id": 1920593,
            "price": "3296.42000000",
            "qty": "0.11700000",
            "quoteQty": "385.68114000",
            "time": 1732292185052,
            "isBuyerMaker": true,
            "isBestMatch": true
        },
        {
            "id": 1920594,
            "price": "3296.42000000",
            "qty": "0.13520000",
            "quoteQty": "445.67598400",
            "time": 1732292187471,
            "isBuyerMaker": true,
            "isBestMatch": true
        },
        {
            "id": 1920595,
            "price": "3296.42000000",
            "qty": "0.09730000",
            "quoteQty": "320.74166600",
            "time": 1732292189568,
            "isBuyerMaker": true,
            "isBestMatch": true
        },
        {
            "id": 1920596,
            "price": "3296.42000000",
            "qty": "0.07320000",
            "quoteQty": "241.29794400",
            "time": 1732292190524,
            "isBuyerMaker": true,
            "isBestMatch": true
        },
        {
            "id": 1920597,
            "price": "3296.42000000",
            "qty": "0.09270000",
            "quoteQty": "305.57813400",
            "time": 1732292190827,
            "isBuyerMaker": true,
            "isBestMatch": true
        },
        {
            "id": 1920598,
            "price": "3296.42000000",
            "qty": "0.05810000",
            "quoteQty": "191.52200200",
            "time": 1732292191527,
            "isBuyerMaker": true,
            "isBestMatch": true
        },
        {
            "id": 1920599,
            "price": "3296.42000000",
            "qty": "0.13670000",
            "quoteQty": "450.62061400",
            "time": 1732292193352,
            "isBuyerMaker": true,
            "isBestMatch": true
        },
        {
            "id": 1920600,
            "price": "3310.30000000",
            "qty": "0.09060000",
            "quoteQty": "299.91318000",
            "time": 1732292194083,
            "isBuyerMaker": false,
            "isBestMatch": true
        },
        {
            "id": 1920601,
            "price": "3296.42000000",
            "qty": "0.08200000",
            "quoteQty": "270.30644000",
            "time": 1732292195798,
            "isBuyerMaker": true,
            "isBestMatch": true
        },
        {
            "id": 1920602,
            "price": "3296.42000000",
            "qty": "0.06630000",
            "quoteQty": "218.55264600",
            "time": 1732292196528,
            "isBuyerMaker": true,
            "isBestMatch": true
        },
        {
            "id": 1920603,
            "price": "3296.42000000",
            "qty": "0.08810000",
            "quoteQty": "290.41460200",
            "time": 1732292197623,
            "isBuyerMaker": true,
            "isBestMatch": true
        },
        {
            "id": 1920604,
            "price": "3296.42000000",
            "qty": "0.10180000",
            "quoteQty": "335.57555600",
            "time": 1732292197628,
            "isBuyerMaker": true,
            "isBestMatch": true
        },
        {
            "id": 1920605,
            "price": "3296.42000000",
            "qty": "0.14430000",
            "quoteQty": "475.67340600",
