{
    "data": [
        {
            "id": 171813,
            "price": "0.00002471",
            "qty": "281942.00",
            "quoteQty": "6.96678682",
            "time": 1732282328046,
            "isBuyerMaker": false,
            "isBestMatch": true
        },
        {
            "id": 171814,
            "price": "0.00002471",
            "qty": "2102710.00",
            "quoteQty": "51.95796410",
            "time": 1732282332744,
            "isBuyerMaker": false,
            "isBestMatch": true
        },
        {
            "id": 171815,
            "price": "0.00002473",
            "qty": "2465643.00",
            "quoteQty": "60.97535139",
            "time": 1732282339183,
            "isBuyerMaker": false,
            "isBestMatch": true
        },
        {
            "id": 171816,
            "price": "0.00002473",
            "qty": "4003235.00",
            "quoteQty": "99.00000155",
            "time": 1732282341888,
            "isBuyerMaker": false,
            "isBestMatch": true
        },
        {
            "id": 171817,
            "price": "0.00002473",
            "qty": "3352181.00",
            "quoteQty": "82.89943613",
            "time": 1732282344431,
            "isBuyerMaker": false,
            "isBestMatch": true
        },
        {
            "id": 171818,
            "price": "0.00002473",
            "qty": "3111112.00",
            "quoteQty": "76.93779976",
            "time": 1732282344456,
            "isBuyerMaker": false,
            "isBestMatch": true
        },
        {
            "id": 171819,
            "price": "0.00002473",
            "qty": "3147700.00",
            "quoteQty": "77.84262100",
            "time": 1732282349054,
            "isBuyerMaker": false,
            "isBestMatch": true
        },
        {
            "id": 171820,
            "price": "0.00002473",
            "qty": "2301171.00",
            "quoteQty": "56.90795883",
            "time": 1732282349066,
            "isBuyerMaker": false,
            "isBestMatch": true
        },
        {
            "id": 171821,
            "price": "0.00002473",
            "qty": "3430186.00",
            "quoteQty": "84.82849978",
            "time": 1732282355861,
            "isBuyerMaker": false,
            "isBestMatch": true
        },
        {
            "id": 171822,
            "price": "0.00002473",
            "qty": "3027857.00",
            "quoteQty": "74.87890361",
            "time": 1732282372827,
            "isBuyerMaker": false,
            "isBestMatch": true
        },
        {
            "id": 171823,
            "price": "0.00002473",
            "qty": "2827141.00",
            "quoteQty": "69.91519693",
            "time": 1732282372843,
            "isBuyerMaker": false,
            "isBestMatch": true
        },
        {
            "id": 171824,
            "price": "0.00002473",
            "qty": "3914448.00",
            "quoteQty": "96.80429904",
            "time": 1732282375464,
            "isBuyerMaker": false,
            "isBestMatch": true
        },
        {
            "id": 171825,
            "price": "0.00002473",
            "qty": "2626263.00",
            "quoteQty": "64.94748399",
            "time": 1732282375492,
            "isBuyerMaker": false,
            "isBestMatch": true
        },
        {
            "id": 171826,
            "price": "0.00002473",
            "qty": "2465643.00",
            "quoteQty": "60.97535139",
            "time": 1732282378081,
            "isBuyerMaker": false,
            "isBestMatch": true
        },
        {
            "id": 171827,
            "price": "0.00002473",
            "qty": "2183583.00",
            "quoteQty": "54.00000759",
            "time": 1732282378093,
            "isBuyerMaker": false,
            "isBestMatch": true
        },
        {
            "id": 171828,
            "price": "0.00002473",
            "qty": "2459678.00",
            "quoteQty": "60.82783694",
            "time": 1732282385035,
            "isBuyerMaker": false,
            "isBestMatch": true
        },
        {
            "id": 171829,
            "price": "0.00002473",
            "qty": "2702703.00",
            "quoteQty": "66.83784519",
            "time": 1732282385050,
            "isBuyerMaker": false,
            "isBestMatch": true
        },
        {
            "id": 171830,
            "price": "0.00002473",
            "qty": "2784504.00",
            "quoteQty": "68.86078392",
            "time": 1732282402936,
            "isBuyerMaker": false,
            "isBestMatch": true
        },
        {
            "id": 171831,
            "price": "0.00002473",
            "qty": "3912869.00",
            "quoteQty": "96.76525037",
            "time": 1732282405880,
            "isBuyerMaker": false,
            "isBestMatch": true
        },
        {
            "id": 171832,
            "price": "0.00002473",
            "qty": "3629033.00",
            "quoteQty": "89.74598609",
            "time": 1732282409893,
            "isBuyerMaker": false,
            "isBestMatch": true
        },
        {
            "id": 171833,
            "price": "0.00002473",
            "qty": "2462657.00",
            "quoteQty": "60.90150761",
            "time": 1732282413702,
            "isBuyerMaker": false,
            "isBestMatch": true
        },
        {
            "id": 171834,
            "price": "0.00002473",
            "qty": "3957997.00",
            "quoteQty": "97.88126581",
            "time": 1732282413715,
            "isBuyerMaker": false,
            "isBestMatch": true
        },
        {
            "id": 171835,
            "price": "0.00002473",
            "qty": "2303031.00",
            "quoteQty": "56.95395663",
            "time": 1732282416306,
            "isBuyerMaker": false,
            "isBestMatch": true
        },
        {
            "id": 171836,
            "price": "0.00002473",
            "qty": "2748586.00",
            "quoteQty": "67.97253178",
            "time": 1732282419409,
            "isBuyerMaker": false,
            "isBestMatch": true
        },
        {
            "id": 171837,
            "price": "0.00002473",
            "qty": "4003235.00",
            "quoteQty": "99.00000155",
            "time": 1732282422587,
            "isBuyerMaker": false,
            "isBestMatch": true
        },
        {
            "id": 171838,
            "price": "0.00002473",
            "qty": "2137959.00",
            "quoteQty": "52.87172607",
            "time": 1732282436479,
            "isBuyerMaker": false,
            "isBestMatch": true
        },
        {
            "id": 171839,
            "price": "0.00002473",
            "qty": "2744149.00",
            "quoteQty": "67.86280477",
            "time": 1732282436500,
            "isBuyerMaker": false,
            "isBestMatch": true
        },
        {
            "id": 171840,
            "price": "0.00002473",
            "qty": "3024194.00",
            "quoteQty": "74.78831762",
            "time": 1732282440176,
            "isBuyerMaker": false,
            "isBestMatch": true
        },
        {
            "id": 171841,
            "price": "0.00002473",
            "qty": "2624143.00",
            "quoteQty": "64.89505639",
            "time": 1732282440197,
            "isBuyerMaker": false,
            "isBestMatch": true
        },
        {
            "id": 171842,
            "price": "0.00002473",
            "qty": "3190631.00",
            "quoteQty": "78.90430463",
            "time": 1732282440209,
            "isBuyerMaker": false,
            "isBestMatch": true
        },
        {
            "id": 171843,
            "price": "0.00002479",
            "qty": "2862904.00",
            "quoteQty": "70.97139016",
            "time": 1732282447379,
            "isBuyerMaker": false,
            "isBestMatch": true
        },
        {
            "id": 171844,
            "price": "0.00002476",
            "qty": "2745257.00",
            "quoteQty": "67.97256332",
            "time": 1732282464955,
            "isBuyerMaker": false,
            "isBestMatch": true
        },
        {
            "id": 171845,
            "price": "0.00002471",
            "qty": "2792392.00",
            "quoteQty": "69.00000632",
            "time": 1732282493254,
            "isBuyerMaker": false,
            "isBestMatch": true
        },
        {
            "id": 171846,
            "price": "0.00002466",
            "qty": "3081915.00",
            "quoteQty": "76.00002390",
            "time": 1732282520030,
            "isBuyerMaker": false,
            "isBestMatch": true
        },
        {
            "id": 171847,
            "price": "0.00002462",
            "qty": "2965070.00",
            "quoteQty": "73.00002340",
            "time": 1732282544481,
            "isBuyerMaker": false,
            "isBestMatch": true
        },
        {
            "id": 171848,
            "price": "0.00002462",
            "qty": "121852.00",
            "quoteQty": "2.99999624",
            "time": 1732282544481,
            "isBuyerMaker": false,
            "isBestMatch": true
        },
        {
            "id": 171849,
            "price": "0.00002460",
            "qty": "2886179.00",
            "quoteQty": "71.00000340",
            "time": 1732282557220,
            "isBuyerMaker": false,
            "isBestMatch": true
        },
        {
            "id": 171850,
            "price": "0.00002460",
            "qty": "2641203.00",
            "quoteQty": "64.97359380",
            "time": 1732282564359,
            "isBuyerMaker": false,
            "isBestMatch": true
        },
        {
            "id": 171851,
            "price": "0.00002460",
            "qty": "41724.00",
            "quoteQty": "1.02641040",
            "time": 1732282564376,
            "isBuyerMaker": false,
            "isBestMatch": true
        },
        {
            "id": 171852,
            "price": "0.00002459",
            "qty": "3943090.00",
            "quoteQty": "96.96058310",
            "time": 1732282579258,
            "isBuyerMaker": false,
            "isBestMatch": true
        },
        {
            "id": 171853,
            "price": "0.00002459",
            "qty": "3416023.00",
            "quoteQty": "84.00000557",
            "time": 1732282582751,
            "isBuyerMaker": false,
            "isBestMatch": true
        },
        {
            "id": 171854,
            "price": "0.00002459",
            "qty": "2558896.00",
            "quoteQty": "62.92325264",
            "time": 1732282590131,
            "isBuyerMaker": false,
            "isBestMatch": true
        },
        {
            "id": 171855,
            "price": "0.00002459",
            "qty": "3291345.00",
            "quoteQty": "80.93417355",
            "time": 1732282590147,
            "isBuyerMaker": false,
            "isBestMatch": true
        },
        {
            "id": 171856,
            "price": "0.00002459",
            "qty": "3008131.00",
            "quoteQty": "73.96994129",
            "time": 1732282604517,
            "isBuyerMaker": false,
            "isBestMatch": true
        },
        {
            "id": 171857,
            "price": "0.00002459",
            "qty": "3736800.00",
            "quoteQty": "91.88791200",
            "time": 1732282608077,
            "isBuyerMaker": false,
            "isBestMatch": true
        },
        {
            "id": 171858,
            "price": "0.00002459",
            "qty": "3691684.00",
            "quoteQty": "90.77850956",
            "time": 1732282612079,
            "isBuyerMaker": false,
            "isBestMatch": true
        },
        {
            "id": 171859,
            "price": "0.00002459",
            "qty": "3084416.00",
            "quoteQty": "75.84578944",
            "time": 1732282612104,
            "isBuyerMaker": false,
            "isBestMatch": true
        },
        {
            "id": 171860,
            "price": "0.00002459",
            "qty": "3897686.00",
            "quoteQty": "95.84409874",
            "time": 1732282612118,
            "isBuyerMaker": false,
            "isBestMatch": true
        },
        {
            "id": 171861,
            "price": "0.00002459",
            "qty": "3778952.00",
            "quoteQty": "92.92442968",
            "time": 1732282612136,
            "isBuyerMaker": false,
            "isBestMatch": true
        },
        {
            "id": 171862,
            "price": "0.00002459",
            "qty": "3944693.00",
            "quoteQty": "97.00000087",
            "time": 1732282612152,
            "isBuyerMaker": false,
            "isBestMatch": true
        },
        {
            "id": 171863,
            "price": "0.00002459",
            "qty": "2637988.00",
            "quoteQty": "64.86812492",
            "time": 1732282626577,
            "isBuyerMaker": false,
            "isBestMatch": true
        },
        {
            "id": 171864,
            "price": "0.00002459",
            "qty": "3654081.00",
            "quoteQty": "89.85385179",
            "time": 1732282626587,
            "isBuyerMaker": false,
            "isBestMatch": true
        },
        {
            "id": 171865,
            "price": "0.00002459",
            "qty": "2680748.00",
            "quoteQty": "65.91959332",
            "time": 1732282626607,
            "isBuyerMaker": false,
            "isBestMatch": true
        },
        {
            "id": 171866,
            "price": "0.00002464",
            "qty": "3245437.00",
            "quoteQty": "79.96756768",
            "time": 1732282629952,
            "isBuyerMaker": false,
            "isBestMatch": true
        },
        {
            "id": 171867,
            "price": "0.00002464",
            "qty": "3690187.00",
            "quoteQty": "90.92620768",
            "time": 1732282634184,
            "isBuyerMaker": false,
            "isBestMatch": true
        },
        {
            "id": 171868,
            "price": "0.00002464",
            "qty": "2877990.00",
            "quoteQty": "70.91367360",
            "time": 1732282638444,
            "isBuyerMaker": false,
            "isBestMatch": true
        },
        {
            "id": 171869,
            "price": "0.00002464",
            "qty": "3567086.00",
            "quoteQty": "87.89299904",
            "time": 1732282646625,
            "isBuyerMaker": false,
            "isBestMatch": true
        },
        {
            "id": 171870,
            "price": "0.00002464",
            "qty": "3527981.00",
            "quoteQty": "86.92945184",
            "time": 1732282646639,
            "isBuyerMaker": false,
            "isBestMatch": true
        },
        {
            "id": 171871,
            "price": "0.00002464",
            "qty": "2350082.00",
            "quoteQty": "57.90602048",
            "time": 1732282652916,
            "isBuyerMaker": false,
            "isBestMatch": true
        },
        {
            "id": 171872,
            "price": "0.00002464",
            "qty": "3206169.00",
            "quoteQty": "79.00000416",
            "time": 1732282656305,
            "isBuyerMaker": false,
            "isBestMatch": true
        },
        {
            "id": 171873,
            "price": "0.00002464",
            "qty": "3935092.00",
            "quoteQty": "96.96066688",
            "time": 1732282662285,
            "isBuyerMaker": false,
            "isBestMatch": true
        },
        {
            "id": 171874,
            "price": "0.00002464",
            "qty": "2066451.00",
            "quoteQty": "50.91735264",
            "time": 1732282664963,
            "isBuyerMaker": false,
            "isBestMatch": true
        },
        {
            "id": 171875,
            "price": "0.00002464",
            "qty": "4008098.00",
            "quoteQty": "98.75953472",
            "time": 1732282668395,
            "isBuyerMaker": false,
            "isBestMatch": true
        },
        {
            "id": 171876,
            "price": "0.00002464",
            "qty": "2956663.00",
            "quoteQty": "72.85217632",
            "time": 1732282672828,
            "isBuyerMaker": false,
            "isBestMatch": true
        },
        {
            "id": 171877,
            "price": "0.00002464",
            "qty": "3279353.00",
            "quoteQty": "80.80325792",
            "time": 1732282684442,
            "isBuyerMaker": false,
            "isBestMatch": true
        },
        {
            "id": 171878,
            "price": "0.00002464",
            "qty": "2389632.00",
            "quoteQty": "58.88053248",
            "time": 1732282684449,
            "isBuyerMaker": false,
            "isBestMatch": true
        },
        {
            "id": 171879,
            "price": "0.00002464",
            "qty": "2512156.00",
            "quoteQty": "61.89952384",
            "time": 1732282686988,
            "isBuyerMaker": false,
            "isBestMatch": true
        },
        {
            "id": 171880,
            "price": "0.00002464",
            "qty": "2470636.00",
            "quoteQty": "60.87647104",
            "time": 1732282691683,
            "isBuyerMaker": false,
            "isBestMatch": true
        },
        {
            "id": 171881,
            "price": "0.00002464",
            "qty": "2066451.00",
            "quoteQty": "50.91735264",
            "time": 1732282691697,
            "isBuyerMaker": false,
            "isBestMatch": true
        },
        {
            "id": 171882,
            "price": "0.00002464",
            "qty": "3439903.00",
            "quoteQty": "84.75920992",
            "time": 1732282694532,
            "isBuyerMaker": false,
            "isBestMatch": true
        },
        {
            "id": 171883,
            "price": "0.00002464",
            "qty": "3927126.00",
            "quoteQty": "96.76438464",
            "time": 1732282694545,
            "isBuyerMaker": false,
            "isBestMatch": true
        },
        {
            "id": 171884,
            "price": "0.00002464",
            "qty": "2553709.00",
            "quoteQty": "62.92338976",
            "time": 1732282694557,
            "isBuyerMaker": false,
            "isBestMatch": true
        },
        {
            "id": 171885,
            "price": "0.00002464",
            "qty": "3852393.00",
            "quoteQty": "94.92296352",
            "time": 1732282694576,
            "isBuyerMaker": false,
            "isBestMatch": true
        },
        {
            "id": 171886,
            "price": "0.00002464",
            "qty": "3603239.00",
            "quoteQty": "88.78380896",
            "time": 1732282699970,
            "isBuyerMaker": false,
            "isBestMatch": true
        },
        {
            "id": 171887,
            "price": "0.00002464",
            "qty": "3318495.00",
            "quoteQty": "81.76771680",
            "time": 1732282703371,
            "isBuyerMaker": false,
            "isBestMatch": true
        },
        {
            "id": 171888,
            "price": "0.00002464",
            "qty": "2962663.00",
            "quoteQty": "73.00001632",
            "time": 1732282706746,
            "isBuyerMaker": false,
            "isBestMatch": true
        },
        {
            "id": 171889,
            "price": "0.00002464",
            "qty": "3407708.00",
            "quoteQty": "83.96592512",
            "time": 1732282709033,
            "isBuyerMaker": false,
            "isBestMatch": true
        },
        {
            "id": 171890,
            "price": "0.00002464",
            "qty": "3925537.00",
            "quoteQty": "96.72523168",
            "time": 1732282716655,
            "isBuyerMaker": false,
            "isBestMatch": true
        },
        {
            "id": 171891,
            "price": "0.00002464",
            "qty": "2993528.00",
            "quoteQty": "73.76052992",
            "time": 1732282719769,
            "isBuyerMaker": false,
            "isBestMatch": true
        },
        {
            "id": 171892,
            "price": "0.00002464",
            "qty": "2506064.00",
            "quoteQty": "61.74941696",
            "time": 1732282723706,
            "isBuyerMaker": false,
            "isBestMatch": true
        },
        {
            "id": 171893,
            "price": "0.00002464",
            "qty": "3356248.00",
            "quoteQty": "82.69795072",
            "time": 1732282727221,
            "isBuyerMaker": false,
            "isBestMatch": true
        },
        {
            "id": 171894,
            "price": "0.00002464",
            "qty": "2106116.00",
            "quoteQty": "51.89469824",
            "time": 1732282727238,
            "isBuyerMaker": false,
            "isBestMatch": true
        },
        {
            "id": 171895,
            "price": "0.00002464",
            "qty": "2228526.00",
            "quoteQty": "54.91088064",
            "time": 1732282727277,
            "isBuyerMaker": false,
            "isBestMatch": true
        },
        {
            "id": 171896,
            "price": "0.00002464",
            "qty": "2464647.00",
            "quoteQty": "60.72890208",
            "time": 1732282730327,
            "isBuyerMaker": false,
            "isBestMatch": true
        },
        {
            "id": 171897,
            "price": "0.00002464",
            "qty": "3850831.00",
            "quoteQty": "94.88447584",
            "time": 1732282733207,
            "isBuyerMaker": false,
            "isBestMatch": true
        },
        {
            "id": 171898,
            "price": "0.00002471",
            "qty": "3723189.00",
            "quoteQty": "92.00000019",
            "time": 1732282751787,
            "isBuyerMaker": false,
            "isBestMatch": true
        },
        {
            "id": 171899,
            "price": "0.00002469",
            "qty": "3159174.00",
            "quoteQty": "78.00000606",
            "time": 1732282766929,
            "isBuyerMaker": false,
            "isBestMatch": true
        },
        {
            "id": 171900,
            "price": "0.00002469",
            "qty": "3441296.00",
            "quoteQty": "84.96559824",
            "time": 1732282769326,
            "isBuyerMaker": false,
            "isBestMatch": true
        },
        {
            "id": 171901,
            "price": "0.00002468",
            "qty": "2066451.00",
            "quoteQty": "51.00001068",
            "time": 1732282783695,
            "isBuyerMaker": false,
            "isBestMatch": true
        },
        {
            "id": 171902,
            "price": "0.00002468",
            "qty": "1173728.00",
            "quoteQty": "28.96760704",
            "time": 1732282783695,
            "isBuyerMaker": false,
            "isBestMatch": true
        },
        {
            "id": 171903,
            "price": "0.00002462",
            "qty": "3249391.00",
            "quoteQty": "80.00000642",
            "time": 1732282812884,
            "isBuyerMaker": false,
            "isBestMatch": true
        },
        {
            "id": 171904,
            "price": "0.00002457",
            "qty": "2929211.00",
            "quoteQty": "71.97071427",
            "time": 1732282832684,
            "isBuyerMaker": false,
            "isBestMatch": true
        },
        {
            "id": 171905,
            "price": "0.00002457",
            "qty": "245393.00",
            "quoteQty": "6.02930601",
            "time": 1732282832690,
            "isBuyerMaker": false,
            "isBestMatch": true
        },
        {
            "id": 171906,
            "price": "0.00002454",
            "qty": "3871231.00",
            "quoteQty": "95.00000874",
            "time": 1732282847001,
            "isBuyerMaker": true,
            "isBestMatch": true
        },
        {
            "id": 171907,
            "price": "0.00002455",
            "qty": "3543789.00",
            "quoteQty": "87.00001995",
            "time": 1732282855512,
            "isBuyerMaker": false,
            "isBestMatch": true
        },
        {
            "id": 171908,
            "price": "0.00002456",
            "qty": "242856.00",
            "quoteQty": "5.96454336",
            "time": 1732282855512,
            "isBuyerMaker": false,
            "isBestMatch": true
        },
        {
            "id": 171909,
            "price": "0.00002454",
            "qty": "3422983.00",
            "quoteQty": "84.00000282",
            "time": 1732282861967,
            "isBuyerMaker": true,
            "isBestMatch": true
        },
        {
            "id": 171910,
            "price": "0.00002455",
            "qty": "3584522.00",
            "quoteQty": "88.00001510",
            "time": 1732282873691,
            "isBuyerMaker": false,
            "isBestMatch": true
        },
        {
            "id": 171911,
            "price": "0.00002453",
            "qty": "2407181.00",
            "quoteQty": "59.04814993",
            "time": 1732282885880,
            "isBuyerMaker": true,
            "isBestMatch": true
        },
        {
            "id": 171912,
            "price": "0.00002453",
            "qty": "3670474.00",
            "quoteQty": "90.03672722",
            "time": 1732282890024,
            "isBuyerMaker": true,
            "isBestMatch": true
        },
        {
            "id": 171913,
            "price": "0.00002453",
            "qty": "3546678.00",
            "quoteQty": "87.00001134",
            "time": 1732282890033,
            "isBuyerMaker": true,
            "isBestMatch": true
        },
        {
            "id": 171914,
            "price": "0.00002451",
            "qty": "2733579.00",
            "quoteQty": "67.00002129",
            "time": 1732282893959,
            "isBuyerMaker": true,
            "isBestMatch": true
        },
        {
            "id": 171915,
            "price": "0.00002451",
            "qty": "2774378.00",
            "quoteQty": "68.00000478",
            "time": 1732282909933,
            "isBuyerMaker": true,
            "isBestMatch": true
        },
        {
            "id": 171916,
            "price": "0.00002451",
            "qty": "3918368.00",
            "quoteQty": "96.03919968",
            "time": 1732282913639,
            "isBuyerMaker": true,
            "isBestMatch": true
        },
        {
            "id": 171917,
            "price": "0.00002451",
            "qty": "2575634.00",
            "quoteQty": "63.12878934",
            "time": 1732282924869,
            "isBuyerMaker": true,
            "isBestMatch": true
        },
        {
            "id": 171918,
            "price": "0.00002451",
            "qty": "2125052.00",
            "quoteQty": "52.08502452",
            "time": 1732282924888,
            "isBuyerMaker": true,
            "isBestMatch": true
        },
        {
            "id": 171919,
            "price": "0.00002451",
            "qty": "3027824.00",
            "quoteQty": "74.21196624",
            "time": 1732282929328,
            "isBuyerMaker": true,
            "isBestMatch": true
        },
        {
            "id": 171920,
            "price": "0.00002451",
            "qty": "3721882.00",
            "quoteQty": "91.22332782",
            "time": 1732282929341,
            "isBuyerMaker": true,
            "isBestMatch": true
        },
        {
            "id": 171921,
            "price": "0.00002451",
            "qty": "3227125.00",
            "quoteQty": "79.09683375",
            "time": 1732282929364,
            "isBuyerMaker": true,
            "isBestMatch": true
        },
        {
            "id": 171922,
            "price": "0.00002451",
            "qty": "3266640.00",
            "quoteQty": "80.06534640",
            "time": 1732282929383,
            "isBuyerMaker": true,
            "isBestMatch": true
        },
        {
            "id": 171923,
            "price": "0.00002451",
            "qty": "3192796.00",
            "quoteQty": "78.25542996",
            "time": 1732282934828,
            "isBuyerMaker": true,
            "isBestMatch": true
        },
        {
            "id": 171924,
            "price": "0.00002451",
            "qty": "3346939.00",
            "quoteQty": "82.03347489",
            "time": 1732282939457,
            "isBuyerMaker": true,
            "isBestMatch": true
        },
        {
            "id": 171925,
            "price": "0.00002451",
            "qty": "4039168.00",
            "quoteQty": "99.00000768",
            "time": 1732282939475,
            "isBuyerMaker": true,
            "isBestMatch": true
        },
        {
            "id": 171926,
            "price": "0.00002451",
            "qty": "3110930.00",
            "quoteQty": "76.24889430",
            "time": 1732282951939,
            "isBuyerMaker": true,
            "isBestMatch": true
        },
        {
            "id": 171927,
            "price": "0.00002451",
            "qty": "3644554.00",
            "quoteQty": "89.32801854",
            "time": 1732282957093,
            "isBuyerMaker": true,
            "isBestMatch": true
        },
        {
            "id": 171928,
            "price": "0.00002450",
            "qty": "49820.00",
            "quoteQty": "1.22059000",
            "time": 1732282961809,
            "isBuyerMaker": true,
            "isBestMatch": true
        },
        {
            "id": 171929,
            "price": "0.00002450",
            "qty": "2364256.00",
            "quoteQty": "57.92427200",
            "time": 1732282961809,
            "isBuyerMaker": true,
            "isBestMatch": true
        },
        {
            "id": 171930,
            "price": "0.00002446",
            "qty": "3108385.00",
            "quoteQty": "76.03109710",
            "time": 1732282970410,
            "isBuyerMaker": true,
            "isBestMatch": true
        },
        {
            "id": 171931,
            "price": "0.00002446",
            "qty": "2536825.00",
            "quoteQty": "62.05073950",
            "time": 1732282974436,
            "isBuyerMaker": true,
            "isBestMatch": true
        },
        {
            "id": 171932,
            "price": "0.00002446",
            "qty": "3311530.00",
            "quoteQty": "81.00002380",
            "time": 1732282981726,
            "isBuyerMaker": true,
            "isBestMatch": true
        },
        {
            "id": 171933,
            "price": "0.00002446",
            "qty": "2781187.00",
            "quoteQty": "68.02783402",
            "time": 1732282992162,
            "isBuyerMaker": true,
            "isBestMatch": true
        },
        {
            "id": 171934,
            "price": "0.00002446",
            "qty": "3850881.00",
            "quoteQty": "94.19254926",
            "time": 1732282999340,
            "isBuyerMaker": true,
            "isBestMatch": true
        },
        {
            "id": 171935,
            "price": "0.00002446",
            "qty": "3650534.00",
            "quoteQty": "89.29206164",
            "time": 1732283005604,
            "isBuyerMaker": true,
            "isBestMatch": true
        },
        {
            "id": 171936,
            "price": "0.00002446",
            "qty": "2050021.00",
            "quoteQty": "50.14351366",
            "time": 1732283005619,
            "isBuyerMaker": true,
            "isBestMatch": true
        },
        {
            "id": 171937,
            "price": "0.00002446",
            "qty": "2213115.00",
            "quoteQty": "54.13279290",
            "time": 1732283005636,
            "isBuyerMaker": true,
            "isBestMatch": true
        },
        {
            "id": 171938,
            "price": "0.00002446",
            "qty": "3398854.00",
            "quoteQty": "83.13596884",
            "time": 1732283005648,
            "isBuyerMaker": true,
            "isBestMatch": true
        },
        {
            "id": 171939,
            "price": "0.00002446",
            "qty": "2169464.00",
            "quoteQty": "53.06508944",
            "time": 1732283005662,
            "isBuyerMaker": true,
            "isBestMatch": true
        },
        {
            "id": 171940,
            "price": "0.00002438",
            "qty": "2296965.00",
            "quoteQty": "56.00000670",
            "time": 1732283014878,
            "isBuyerMaker": true,
            "isBestMatch": true
        },
        {
            "id": 171941,
            "price": "0.00002438",
            "qty": "2793756.00",
            "quoteQty": "68.11177128",
            "time": 1732283020641,
            "isBuyerMaker": true,
            "isBestMatch": true
        },
        {
            "id": 171942,
            "price": "0.00002438",
            "qty": "4106777.00",
            "quoteQty": "100.12322326",
            "time": 1732283020660,
            "isBuyerMaker": true,
            "isBestMatch": true
        },
        {
            "id": 171943,
            "price": "0.00002438",
            "qty": "3284073.00",
            "quoteQty": "80.06569974",
            "time": 1732283020678,
            "isBuyerMaker": true,
            "isBestMatch": true
        },
        {
            "id": 171944,
            "price": "0.00002438",
            "qty": "2831351.00",
            "quoteQty": "69.02833738",
            "time": 1732283020695,
            "isBuyerMaker": true,
            "isBestMatch": true
        },
        {
            "id": 171945,
            "price": "0.00002438",
            "qty": "3325124.00",
            "quoteQty": "81.06652312",
            "time": 1732283033037,
            "isBuyerMaker": true,
            "isBestMatch": true
        },
        {
            "id": 171946,
            "price": "0.00002440",
            "qty": "3690037.00",
            "quoteQty": "90.03690280",
            "time": 1732283046994,
            "isBuyerMaker": true,
            "isBestMatch": true
        },
        {
            "id": 171947,
            "price": "0.00002442",
            "qty": "2502051.00",
            "quoteQty": "61.10008542",
            "time": 1732283071843,
            "isBuyerMaker": true,
            "isBestMatch": true
        },
        {
            "id": 171948,
            "price": "0.00002442",
            "qty": "3854039.00",
            "quoteQty": "94.11563238",
            "time": 1732283076623,
            "isBuyerMaker": true,
            "isBestMatch": true
        },
        {
            "id": 171949,
            "price": "0.00002442",
            "qty": "3934427.00",
            "quoteQty": "96.07870734",
            "time": 1732283076631,
            "isBuyerMaker": true,
            "isBestMatch": true
        },
        {
            "id": 171950,
            "price": "0.00002442",
            "qty": "2785744.00",
            "quoteQty": "68.02786848",
            "time": 1732283076654,
            "isBuyerMaker": true,
            "isBestMatch": true
        },
        {
            "id": 171951,
            "price": "0.00002442",
            "qty": "3931204.00",
            "quoteQty": "96.00000168",
            "time": 1732283092735,
            "isBuyerMaker": false,
            "isBestMatch": true
        },
        {
            "id": 171952,
            "price": "0.00002441",
            "qty": "2539943.00",
            "quoteQty": "62.00000863",
            "time": 1732283099039,
            "isBuyerMaker": true,
            "isBestMatch": true
        },
        {
            "id": 171953,
            "price": "0.00002441",
            "qty": "2418033.00",
            "quoteQty": "59.02418553",
            "time": 1732283105444,
            "isBuyerMaker": true,
            "isBestMatch": true
        },
        {
            "id": 171954,
            "price": "0.00002442",
            "qty": "2170353.00",
            "quoteQty": "53.00002026",
            "time": 1732283115076,
            "isBuyerMaker": false,
            "isBestMatch": true
        },
        {
            "id": 171955,
            "price": "0.00002441",
            "qty": "3934427.00",
            "quoteQty": "96.03936307",
            "time": 1732283118718,
            "isBuyerMaker": true,
            "isBestMatch": true
        },
        {
            "id": 171956,
            "price": "0.00002441",
            "qty": "2130275.00",
            "quoteQty": "52.00001275",
            "time": 1732283118727,
            "isBuyerMaker": true,
            "isBestMatch": true
        },
        {
            "id": 171957,
            "price": "0.00002443",
            "qty": "3027824.00",
            "quoteQty": "73.96974032",
            "time": 1732283122552,
            "isBuyerMaker": false,
            "isBestMatch": true
        },
        {
            "id": 171958,
            "price": "0.00002441",
            "qty": "2542026.00",
            "quoteQty": "62.05085466",
            "time": 1732283131992,
            "isBuyerMaker": true,
            "isBestMatch": true
        },
        {
            "id": 171959,
            "price": "0.00002441",
            "qty": "2786886.00",
            "quoteQty": "68.02788726",
            "time": 1732283132001,
            "isBuyerMaker": true,
            "isBestMatch": true
        },
        {
            "id": 171960,
            "price": "0.00002441",
            "qty": "3031545.00",
            "quoteQty": "74.00001345",
            "time": 1732283132015,
            "isBuyerMaker": true,
            "isBestMatch": true
        },
        {
            "id": 171961,
            "price": "0.00002441",
            "qty": "3198032.00",
            "quoteQty": "78.06396112",
            "time": 1732283143092,
            "isBuyerMaker": true,
            "isBestMatch": true
        },
        {
            "id": 171962,
            "price": "0.00002441",
            "qty": "2462044.00",
            "quoteQty": "60.09849404",
            "time": 1732283147360,
            "isBuyerMaker": true,
            "isBestMatch": true
        },
        {
            "id": 171963,
            "price": "0.00002441",
            "qty": "3814603.00",
            "quoteQty": "93.11445923",
            "time": 1732283151731,
            "isBuyerMaker": true,
            "isBestMatch": true
        },
        {
            "id": 171964,
            "price": "0.00002441",
            "qty": "2587269.00",
            "quoteQty": "63.15523629",
            "time": 1732283156082,
            "isBuyerMaker": true,
            "isBestMatch": true
        },
        {
            "id": 171965,
            "price": "0.00002441",
            "qty": "3940887.00",
            "quoteQty": "96.19705167",
            "time": 1732283159968,
            "isBuyerMaker": true,
            "isBestMatch": true
        },
        {
            "id": 171966,
            "price": "0.00002441",
            "qty": "2172132.00",
            "quoteQty": "53.02174212",
            "time": 1732283194671,
            "isBuyerMaker": true,
            "isBestMatch": true
        },
        {
            "id": 171967,
            "price": "0.00002442",
            "qty": "2579853.00",
            "quoteQty": "63.00001026",
            "time": 1732283208679,
            "isBuyerMaker": false,
            "isBestMatch": true
        },
        {
            "id": 171968,
            "price": "0.00002443",
            "qty": "2578797.00",
            "quoteQty": "63.00001071",
            "time": 1732283212404,
            "isBuyerMaker": false,
            "isBestMatch": true
        },
        {
            "id": 171969,
            "price": "0.00002444",
            "qty": "285361.00",
            "quoteQty": "6.97422284",
            "time": 1732283212404,
            "isBuyerMaker": false,
            "isBestMatch": true
        },
        {
            "id": 171970,
            "price": "0.00002445",
            "qty": "3104576.00",
            "quoteQty": "75.90688320",
            "time": 1732283217544,
            "isBuyerMaker": false,
            "isBestMatch": true
        },
        {
            "id": 171971,
            "price": "0.00002445",
            "qty": "658206.00",
            "quoteQty": "16.09313670",
            "time": 1732283217563,
            "isBuyerMaker": false,
            "isBestMatch": true
        },
        {
            "id": 171972,
            "price": "0.00002446",
            "qty": "2120707.00",
            "quoteQty": "51.87249322",
            "time": 1732283217563,
            "isBuyerMaker": false,
            "isBestMatch": true
        },
        {
            "id": 171973,
            "price": "0.00002447",
            "qty": "2411116.00",
            "quoteQty": "59.00000852",
            "time": 1732283232358,
            "isBuyerMaker": false,
            "isBestMatch": true
        },
        {
            "id": 171974,
            "price": "0.00002448",
            "qty": "203264.00",
            "quoteQty": "4.97590272",
            "time": 1732283232358,
            "isBuyerMaker": false,
            "isBestMatch": true
        },
        {
            "id": 171975,
            "price": "0.00002447",
            "qty": "2778913.00",
            "quoteQty": "68.00000111",
            "time": 1732283245332,
            "isBuyerMaker": true,
            "isBestMatch": true
        },
        {
            "id": 171976,
            "price": "0.00002445",
            "qty": "2291326.00",
            "quoteQty": "56.02292070",
            "time": 1732283254278,
            "isBuyerMaker": true,
            "isBestMatch": true
        },
        {
            "id": 171977,
            "price": "0.00002445",
            "qty": "3599183.00",
            "quoteQty": "88.00002435",
            "time": 1732283254293,
            "isBuyerMaker": true,
            "isBestMatch": true
        },
        {
            "id": 171978,
            "price": "0.00002444",
            "qty": "2742530.00",
            "quoteQty": "67.02743320",
            "time": 1732283258355,
            "isBuyerMaker": true,
            "isBestMatch": true
        },
        {
            "id": 171979,
            "price": "0.00002444",
            "qty": "2744777.00",
            "quoteQty": "67.08234988",
            "time": 1732283269363,
            "isBuyerMaker": true,
            "isBestMatch": true
        },
        {
            "id": 171980,
            "price": "0.00002444",
            "qty": "3975410.00",
            "quoteQty": "97.15902040",
            "time": 1732283273938,
            "isBuyerMaker": true,
            "isBestMatch": true
        },
        {
            "id": 171981,
            "price": "0.00002444",
            "qty": "2129403.00",
            "quoteQty": "52.04260932",
            "time": 1732283278413,
            "isBuyerMaker": true,
            "isBestMatch": true
        },
        {
            "id": 171982,
            "price": "0.00002444",
            "qty": "3029063.00",
            "quoteQty": "74.03029972",
            "time": 1732283278434,
            "isBuyerMaker": true,
            "isBestMatch": true
        },
        {
            "id": 171983,
            "price": "0.00002444",
            "qty": "2501026.00",
            "quoteQty": "61.12507544",
            "time": 1732283287594,
            "isBuyerMaker": true,
            "isBestMatch": true
        },
        {
            "id": 171984,
            "price": "0.00002444",
            "qty": "2090164.00",
            "quoteQty": "51.08360816",
            "time": 1732283287604,
            "isBuyerMaker": true,
            "isBestMatch": true
        },
        {
            "id": 171985,
            "price": "0.00002444",
            "qty": "3523147.00",
            "quoteQty": "86.10571268",
            "time": 1732283291460,
            "isBuyerMaker": true,
            "isBestMatch": true
        },
        {
            "id": 171986,
            "price": "0.00002444",
            "qty": "2170353.00",
            "quoteQty": "53.04342732",
            "time": 1732283294221,
            "isBuyerMaker": true,
            "isBestMatch": true
        },
        {
            "id": 171987,
            "price": "0.00002446",
            "qty": "2330336.00",
            "quoteQty": "57.00001856",
            "time": 1732283296524,
            "isBuyerMaker": false,
            "isBestMatch": true
        },
        {
            "id": 171988,
            "price": "0.00002448",
            "qty": "1335652.00",
            "quoteQty": "32.69676096",
            "time": 1732283296524,
            "isBuyerMaker": false,
            "isBestMatch": true
        },
        {
            "id": 171989,
            "price": "0.00002448",
            "qty": "1605525.00",
            "quoteQty": "39.30325200",
            "time": 1732283296539,
            "isBuyerMaker": false,
            "isBestMatch": true
        },
        {
            "id": 171990,
            "price": "0.00002449",
            "qty": "1735959.00",
            "quoteQty": "42.51363591",
            "time": 1732283296539,
            "isBuyerMaker": false,
            "isBestMatch": true
        },
        {
            "id": 171991,
            "price": "0.00002449",
            "qty": "1979844.00",
            "quoteQty": "48.48637956",
            "time": 1732283302605,
            "isBuyerMaker": false,
            "isBestMatch": true
        },
        {
            "id": 171992,
            "price": "0.00002450",
            "qty": "1277485.00",
            "quoteQty": "31.29838250",
            "time": 1732283302605,
            "isBuyerMaker": false,
            "isBestMatch": true
        },
        {
            "id": 171993,
            "price": "0.00002450",
            "qty": "1212311.00",
            "quoteQty": "29.70161950",
            "time": 1732283302626,
            "isBuyerMaker": false,
            "isBestMatch": true
        },
        {
            "id": 171994,
            "price": "0.00002450",
            "qty": "1396740.00",
            "quoteQty": "34.22013000",
            "time": 1732283302626,
            "isBuyerMaker": false,
            "isBestMatch": true
        },
        {
            "id": 171995,
            "price": "0.00002450",
            "qty": "3303426.00",
            "quoteQty": "80.93393700",
            "time": 1732283307611,
            "isBuyerMaker": false,
            "isBestMatch": true
        },
        {
            "id": 171996,
            "price": "0.00002451",
            "qty": "2651979.00",
            "quoteQty": "65.00000529",
            "time": 1732283310732,
            "isBuyerMaker": false,
            "isBestMatch": true
        },
        {
            "id": 171997,
            "price": "0.00002452",
            "qty": "2118127.00",
            "quoteQty": "51.93647404",
            "time": 1732283317710,
            "isBuyerMaker": false,
            "isBestMatch": true
        },
        {
            "id": 171998,
            "price": "0.00002452",
            "qty": "1144516.00",
            "quoteQty": "28.06353232",
            "time": 1732283321960,
            "isBuyerMaker": false,
            "isBestMatch": true
        },
        {
            "id": 171999,
            "price": "0.00002453",
            "qty": "1909230.00",
            "quoteQty": "46.83341190",
            "time": 1732283321960,
            "isBuyerMaker": false,
            "isBestMatch": true
        },
        {
            "id": 172000,
            "price": "0.00002453",
            "qty": "1759747.00",
            "quoteQty": "43.16659391",
            "time": 1732283332138,
            "isBuyerMaker": false,
            "isBestMatch": true
        },
        {
            "id": 172001,
            "price": "0.00002454",
            "qty": "276084.00",
            "quoteQty": "6.77510136",
            "time": 1732283332138,
            "isBuyerMaker": false,
            "isBestMatch": true
        },
        {
            "id": 172002,
            "price": "0.00002454",
            "qty": "1761406.00",
            "quoteQty": "43.22490324",
            "time": 1732283337362,
            "isBuyerMaker": false,
            "isBestMatch": true
        },
        {
            "id": 172003,
            "price": "0.00002457",
            "qty": "558497.00",
            "quoteQty": "13.72227129",
            "time": 1732283337362,
            "isBuyerMaker": false,
            "isBestMatch": true
        },
        {
            "id": 172004,
            "price": "0.00002458",
            "qty": "2237592.00",
            "quoteQty": "55.00001136",
            "time": 1732283345410,
            "isBuyerMaker": false,
            "isBestMatch": true
        },
        {
            "id": 172005,
            "price": "0.00002458",
            "qty": "1300432.00",
            "quoteQty": "31.96461856",
            "time": 1732283345410,
            "isBuyerMaker": false,
            "isBestMatch": true
        },
        {
            "id": 172006,
            "price": "0.00002460",
            "qty": "2357724.00",
            "quoteQty": "58.00001040",
            "time": 1732283360646,
            "isBuyerMaker": false,
            "isBestMatch": true
        },
        {
            "id": 172007,
            "price": "0.00002461",
            "qty": "2316132.00",
            "quoteQty": "57.00000852",
            "time": 1732283373780,
            "isBuyerMaker": false,
            "isBestMatch": true
        },
        {
            "id": 172008,
            "price": "0.00002462",
            "qty": "3371243.00",
            "quoteQty": "83.00000266",
            "time": 1732283381846,
            "isBuyerMaker": false,
            "isBestMatch": true
        },
        {
            "id": 172009,
            "price": "0.00002462",
            "qty": "365557.00",
            "quoteQty": "9.00001334",
            "time": 1732283381846,
            "isBuyerMaker": false,
            "isBestMatch": true
        },
        {
            "id": 172010,
            "price": "0.00002462",
            "qty": "2230333.00",
            "quoteQty": "54.91079846",
            "time": 1732283389511,
            "isBuyerMaker": false,
            "isBestMatch": true
        },
        {
            "id": 172011,
            "price": "0.00002466",
            "qty": "2715850.00",
            "quoteQty": "66.97286100",
            "time": 1732283392880,
            "isBuyerMaker": false,
            "isBestMatch": true
        },
        {
            "id": 172012,
            "price": "0.00002465",
            "qty": "2636917.00",
            "quoteQty": "65.00000405",
            "time": 1732283400859,
            "isBuyerMaker": false,
            "isBestMatch": true
        },
        {
            "id": 172013,
            "price": "0.00002466",
            "qty": "2392539.00",
            "quoteQty": "59.00001174",
            "time": 1732283408971,
            "isBuyerMaker": false,
            "isBestMatch": true
        },
        {
            "id": 172014,
            "price": "0.00002466",
            "qty": "3568533.00",
            "quoteQty": "88.00002378",
            "time": 1732283419965,
            "isBuyerMaker": false,
            "isBestMatch": true
        },
        {
            "id": 172015,
            "price": "0.00002466",
            "qty": "3040130.00",
            "quoteQty": "74.96960580",
            "time": 1732283429966,
            "isBuyerMaker": false,
            "isBestMatch": true
        },
        {
            "id": 172016,
            "price": "0.00002461",
            "qty": "3736800.00",
            "quoteQty": "91.96264800",
            "time": 1732283465219,
            "isBuyerMaker": false,
            "isBestMatch": true
        },
        {
            "id": 172017,
            "price": "0.00002461",
            "qty": "1518.00",
            "quoteQty": "0.03735798",
            "time": 1732283465231,
            "isBuyerMaker": false,
            "isBestMatch": true
        },
        {
            "id": 172018,
            "price": "0.00002463",
            "qty": "2922078.00",
            "quoteQty": "71.97078114",
            "time": 1732283469491,
            "isBuyerMaker": false,
            "isBestMatch": true
        },
        {
            "id": 172019,
            "price": "0.00002463",
            "qty": "2436054.00",
            "quoteQty": "60.00001002",
            "time": 1732283479770,
            "isBuyerMaker": false,
            "isBestMatch": true
        },
        {
            "id": 172020,
            "price": "0.00002464",
            "qty": "2191559.00",
            "quoteQty": "54.00001376",
            "time": 1732283483415,
            "isBuyerMaker": false,
            "isBestMatch": true
        },
        {
            "id": 172021,
            "price": "0.00002463",
            "qty": "2070646.00",
            "quoteQty": "51.00001098",
            "time": 1732283500742,
            "isBuyerMaker": false,
            "isBestMatch": true
        },
        {
            "id": 172022,
            "price": "0.00002464",
            "qty": "2313312.00",
            "quoteQty": "57.00000768",
            "time": 1732283505415,
            "isBuyerMaker": false,
            "isBestMatch": true
        },
        {
            "id": 172023,
            "price": "0.00002464",
            "qty": "3165585.00",
            "quoteQty": "78.00001440",
            "time": 1732283515629,
            "isBuyerMaker": false,
            "isBestMatch": true
        },
        {
            "id": 172024,
            "price": "0.00002465",
            "qty": "2109534.00",
            "quoteQty": "52.00001310",
            "time": 1732283519508,
            "isBuyerMaker": false,
            "isBestMatch": true
        },
        {
            "id": 172025,
            "price": "0.00002466",
            "qty": "3527981.00",
            "quoteQty": "87.00001146",
            "time": 1732283526330,
            "isBuyerMaker": false,
            "isBestMatch": true
        },
        {
            "id": 172026,
            "price": "0.00002466",
            "qty": "2108679.00",
            "quoteQty": "52.00002414",
            "time": 1732283532992,
            "isBuyerMaker": false,
            "isBestMatch": true
        },
        {
            "id": 172027,
            "price": "0.00002464",
            "qty": "2150975.00",
            "quoteQty": "53.00002400",
            "time": 1732283540533,
            "isBuyerMaker": false,
            "isBestMatch": true
        },
        {
            "id": 172028,
            "price": "0.00002465",
            "qty": "2312374.00",
            "quoteQty": "57.00001910",
            "time": 1732283547358,
            "isBuyerMaker": false,
            "isBestMatch": true
        },
        {
            "id": 172029,
            "price": "0.00002466",
            "qty": "2149230.00",
            "quoteQty": "53.00001180",
            "time": 1732283552848,
            "isBuyerMaker": false,
            "isBestMatch": true
        },
        {
            "id": 172030,
            "price": "0.00002466",
            "qty": "2433091.00",
            "quoteQty": "60.00002406",
            "time": 1732283558359,
            "isBuyerMaker": false,
            "isBestMatch": true
        },
        {
            "id": 172031,
            "price": "0.00002466",
            "qty": "3688691.00",
            "quoteQty": "90.96312006",
            "time": 1732283569377,
            "isBuyerMaker": false,
            "isBestMatch": true
        },
        {
            "id": 172032,
            "price": "0.00002466",
            "qty": "3729226.00",
            "quoteQty": "91.96271316",
            "time": 1732283587170,
            "isBuyerMaker": false,
            "isBestMatch": true
        },
        {
            "id": 172033,
            "price": "0.00002466",
            "qty": "3609084.00",
            "quoteQty": "89.00001144",
            "time": 1732283587189,
            "isBuyerMaker": false,
            "isBestMatch": true
        },
        {
            "id": 172034,
            "price": "0.00002466",
            "qty": "3480373.00",
            "quoteQty": "85.82599818",
            "time": 1732283594250,
            "isBuyerMaker": false,
            "isBestMatch": true
        },
        {
            "id": 172035,
            "price": "0.00002466",
            "qty": "2995952.00",
            "quoteQty": "73.88017632",
            "time": 1732283600120,
            "isBuyerMaker": false,
            "isBestMatch": true
        },
        {
            "id": 172036,
            "price": "0.00002466",
            "qty": "2551641.00",
            "quoteQty": "62.92346706",
            "time": 1732283600133,
            "isBuyerMaker": false,
            "isBestMatch": true
        },
        {
            "id": 172037,
            "price": "0.00002466",
            "qty": "2957861.00",
            "quoteQty": "72.94085226",
            "time": 1732283604728,
            "isBuyerMaker": false,
            "isBestMatch": true
        },
        {
            "id": 172038,
            "price": "0.00002466",
            "qty": "3438512.00",
            "quoteQty": "84.79370592",
            "time": 1732283612553,
            "isBuyerMaker": false,
            "isBestMatch": true
        },
        {
            "id": 172039,
            "price": "0.00002466",
            "qty": "3197087.00",
            "quoteQty": "78.84016542",
            "time": 1732283617118,
            "isBuyerMaker": false,
            "isBestMatch": true
        },
        {
            "id": 172040,
            "price": "0.00002466",
            "qty": "3765183.00",
            "quoteQty": "92.84941278",
            "time": 1732283617134,
            "isBuyerMaker": false,
            "isBestMatch": true
        },
        {
            "id": 172041,
            "price": "0.00002472",
            "qty": "3678254.00",
            "quoteQty": "90.92643888",
            "time": 1732283632038,
            "isBuyerMaker": false,
            "isBestMatch": true
        },
        {
            "id": 172042,
            "price": "0.00002472",
            "qty": "2102710.00",
            "quoteQty": "51.97899120",
            "time": 1732283632054,
            "isBuyerMaker": false,
            "isBestMatch": true
        },
        {
            "id": 172043,
            "price": "0.00002472",
            "qty": "3398059.00",
            "quoteQty": "84.00001848",
            "time": 1732283652649,
            "isBuyerMaker": false,
            "isBestMatch": true
        },
        {
            "id": 172044,
            "price": "0.00002472",
            "qty": "2585859.00",
            "quoteQty": "63.92243448",
            "time": 1732283655165,
            "isBuyerMaker": false,
            "isBestMatch": true
        },
        {
            "id": 172045,
            "price": "0.00002472",
            "qty": "2181819.00",
            "quoteQty": "53.93456568",
            "time": 1732283661760,
            "isBuyerMaker": false,
            "isBestMatch": true
        },
        {
            "id": 172046,
            "price": "0.00002472",
            "qty": "2019387.00",
            "quoteQty": "49.91924664",
            "time": 1732283670376,
            "isBuyerMaker": false,
            "isBestMatch": true
        },
        {
            "id": 172047,
            "price": "0.00002472",
            "qty": "2183583.00",
            "quoteQty": "53.97817176",
            "time": 1732283673465,
            "isBuyerMaker": false,
            "isBestMatch": true
        },
        {
            "id": 172048,
            "price": "0.00002472",
            "qty": "3922362.00",
            "quoteQty": "96.96078864",
            "time": 1732283683424,
            "isBuyerMaker": false,
            "isBestMatch": true
        },
        {
            "id": 172049,
            "price": "0.00002472",
            "qty": "3074434.00",
            "quoteQty": "76.00000848",
            "time": 1732283693276,
            "isBuyerMaker": false,
            "isBestMatch": true
        },
        {
            "id": 172050,
            "price": "0.00002471",
            "qty": "3561312.00",
            "quoteQty": "88.00001952",
            "time": 1732283704748,
            "isBuyerMaker": false,
            "isBestMatch": true
        },
        {
            "id": 172051,
            "price": "0.00002470",
            "qty": "3238867.00",
            "quoteQty": "80.00001490",
            "time": 1732283723111,
            "isBuyerMaker": false,
            "isBestMatch": true
        },
        {
            "id": 172052,
            "price": "0.00002471",
            "qty": "2670984.00",
            "quoteQty": "66.00001464",
            "time": 1732283732216,
            "isBuyerMaker": false,
            "isBestMatch": true
        },
        {
            "id": 172053,
            "price": "0.00002468",
            "qty": "2390600.00",
            "quoteQty": "59.00000800",
            "time": 1732283757077,
            "isBuyerMaker": false,
            "isBestMatch": true
        },
        {
            "id": 172054,
            "price": "0.00002469",
            "qty": "2146619.00",
            "quoteQty": "53.00002311",
            "time": 1732283767083,
            "isBuyerMaker": false,
            "isBestMatch": true
        },
        {
            "id": 172055,
            "price": "0.00002467",
            "qty": "3850831.00",
            "quoteQty": "95.00000077",
            "time": 1732283784314,
            "isBuyerMaker": true,
            "isBestMatch": true
        },
        {
            "id": 172056,
            "price": "0.00002467",
            "qty": "3283341.00",
            "quoteQty": "81.00002247",
            "time": 1732283794301,
            "isBuyerMaker": true,
            "isBestMatch": true
        },
        {
            "id": 172057,
            "price": "0.00002467",
            "qty": "2554745.00",
            "quoteQty": "63.02555915",
            "time": 1732283800482,
            "isBuyerMaker": true,
            "isBestMatch": true
        },
        {
            "id": 172058,
            "price": "0.00002466",
            "qty": "2961461.00",
            "quoteQty": "73.02962826",
            "time": 1732283813606,
            "isBuyerMaker": true,
            "isBestMatch": true
        },
        {
            "id": 172059,
            "price": "0.00002466",
            "qty": "2271806.00",
            "quoteQty": "56.02273596",
            "time": 1732283821280,
            "isBuyerMaker": true,
            "isBestMatch": true
        },
        {
            "id": 172060,
            "price": "0.00002466",
            "qty": "2718053.00",
            "quoteQty": "67.02718698",
            "time": 1732283825227,
            "isBuyerMaker": true,
            "isBestMatch": true
        },
        {
            "id": 172061,
            "price": "0.00002466",
            "qty": "3892945.00",
            "quoteQty": "96.00002370",
            "time": 1732283825245,
            "isBuyerMaker": true,
            "isBestMatch": true
        },
        {
            "id": 172062,
            "price": "0.00002466",
            "qty": "3652598.00",
            "quoteQty": "90.07306668",
            "time": 1732283828414,
            "isBuyerMaker": true,
            "isBestMatch": true
        },
        {
            "id": 172063,
            "price": "0.00002465",
            "qty": "3529412.00",
            "quoteQty": "87.00000580",
            "time": 1732283837542,
            "isBuyerMaker": true,
            "isBestMatch": true
        },
        {
            "id": 172064,
            "price": "0.00002465",
            "qty": "2030045.00",
            "quoteQty": "50.04060925",
            "time": 1732283841916,
            "isBuyerMaker": true,
            "isBestMatch": true
        },
        {
            "id": 172065,
            "price": "0.00002465",
            "qty": "2516234.00",
            "quoteQty": "62.02516810",
            "time": 1732283843779,
            "isBuyerMaker": true,
            "isBestMatch": true
        },
        {
            "id": 172066,
            "price": "0.00002465",
            "qty": "4060090.00",
            "quoteQty": "100.08121850",
            "time": 1732283849422,
            "isBuyerMaker": true,
            "isBestMatch": true
        },
        {
            "id": 172067,
            "price": "0.00002463",
            "qty": "3655565.00",
            "quoteQty": "90.03656595",
            "time": 1732283852391,
            "isBuyerMaker": true,
            "isBestMatch": true
        },
        {
            "id": 172068,
            "price": "0.00002463",
            "qty": "2843217.00",
            "quoteQty": "70.02843471",
            "time": 1732283861725,
            "isBuyerMaker": true,
            "isBestMatch": true
        },
        {
            "id": 172069,
            "price": "0.00002463",
            "qty": "2273651.00",
            "quoteQty": "56.00002413",
            "time": 1732283870135,
            "isBuyerMaker": true,
            "isBestMatch": true
        },
        {
            "id": 172070,
            "price": "0.00002463",
            "qty": "2355809.00",
            "quoteQty": "58.02357567",
            "time": 1732283874058,
            "isBuyerMaker": true,
            "isBestMatch": true
        },
        {
            "id": 172071,
            "price": "0.00002463",
            "qty": "3047542.00",
            "quoteQty": "75.06095946",
            "time": 1732283887109,
            "isBuyerMaker": true,
            "isBestMatch": true
        },
        {
            "id": 172072,
            "price": "0.00002463",
            "qty": "2112104.00",
            "quoteQty": "52.02112152",
            "time": 1732283895169,
            "isBuyerMaker": true,
            "isBestMatch": true
        },
        {
            "id": 172073,
            "price": "0.00002463",
            "qty": "2478668.00",
            "quoteQty": "61.04959284",
            "time": 1732283898193,
            "isBuyerMaker": true,
            "isBestMatch": true
        },
        {
            "id": 172074,
            "price": "0.00002464",
            "qty": "3246754.00",
            "quoteQty": "80.00001856",
            "time": 1732283911792,
            "isBuyerMaker": false,
            "isBestMatch": true
        },
        {
            "id": 172075,
            "price": "0.00002464",
            "qty": "2029221.00",
            "quoteQty": "50.00000544",
            "time": 1732283918204,
            "isBuyerMaker": false,
            "isBestMatch": true
        },
        {
            "id": 172076,
            "price": "0.00002465",
            "qty": "3853956.00",
            "quoteQty": "95.00001540",
            "time": 1732283928901,
            "isBuyerMaker": false,
            "isBestMatch": true
        },
        {
            "id": 172077,
            "price": "0.00002466",
            "qty": "3325224.00",
            "quoteQty": "82.00002384",
            "time": 1732283941578,
            "isBuyerMaker": false,
            "isBestMatch": true
        },
        {
            "id": 172078,
            "price": "0.00002467",
            "qty": "3567086.00",
            "quoteQty": "88.00001162",
            "time": 1732283944708,
            "isBuyerMaker": false,
            "isBestMatch": true
        },
        {
            "id": 172079,
            "price": "0.00002468",
            "qty": "2795787.00",
            "quoteQty": "69.00002316",
            "time": 1732283951248,
            "isBuyerMaker": false,
            "isBestMatch": true
        },
        {
            "id": 172080,
            "price": "0.00002468",
            "qty": "769854.00",
            "quoteQty": "18.99999672",
            "time": 1732283951248,
            "isBuyerMaker": false,
            "isBestMatch": true
        },
        {
            "id": 172081,
            "price": "0.00002462",
            "qty": "2883835.00",
            "quoteQty": "71.00001770",
            "time": 1732283980450,
            "isBuyerMaker": false,
            "isBestMatch": true
        },
        {
            "id": 172082,
            "price": "0.00002463",
            "qty": "3085668.00",
            "quoteQty": "76.00000284",
            "time": 1732283984875,
            "isBuyerMaker": false,
            "isBestMatch": true
        },
        {
            "id": 172083,
            "price": "0.00002462",
            "qty": "2760861.00",
            "quoteQty": "67.97239782",
            "time": 1732284006279,
            "isBuyerMaker": false,
            "isBestMatch": true
        },
        {
            "id": 172084,
            "price": "0.00002462",
            "qty": "3290009.00",
            "quoteQty": "81.00002158",
            "time": 1732284023657,
            "isBuyerMaker": false,
            "isBestMatch": true
        },
        {
            "id": 172085,
            "price": "0.00002463",
            "qty": "2679659.00",
            "quoteQty": "66.00000117",
            "time": 1732284033845,
            "isBuyerMaker": false,
            "isBestMatch": true
        },
        {
            "id": 172086,
            "price": "0.00002459",
            "qty": "2480684.00",
            "quoteQty": "61.00001956",
            "time": 1732284053940,
            "isBuyerMaker": true,
            "isBestMatch": true
        },
        {
            "id": 172087,
            "price": "0.00002459",
            "qty": "2806019.00",
            "quoteQty": "69.00000721",
            "time": 1732284059464,
            "isBuyerMaker": true,
            "isBestMatch": true
        },
        {
            "id": 172088,
            "price": "0.00002459",
            "qty": "3822693.00",
            "quoteQty": "94.00002087",
            "time": 1732284067670,
            "isBuyerMaker": true,
            "isBestMatch": true
        },
        {
            "id": 172089,
            "price": "0.00002460",
            "qty": "2520326.00",
            "quoteQty": "62.00001960",
            "time": 1732284070442,
            "isBuyerMaker": false,
            "isBestMatch": true
        },
        {
            "id": 172090,
            "price": "0.00002460",
            "qty": "2317074.00",
            "quoteQty": "57.00002040",
            "time": 1732284080911,
            "isBuyerMaker": false,
            "isBestMatch": true
        },
        {
            "id": 172091,
            "price": "0.00002459",
            "qty": "3090688.00",
            "quoteQty": "76.00001792",
            "time": 1732284087064,
            "isBuyerMaker": true,
            "isBestMatch": true
        },
        {
            "id": 172092,
            "price": "0.00002459",
            "qty": "2237592.00",
            "quoteQty": "55.02238728",
            "time": 1732284090203,
            "isBuyerMaker": true,
            "isBestMatch": true
        },
        {
            "id": 172093,
            "price": "0.00002459",
            "qty": "3620830.00",
            "quoteQty": "89.03620970",
            "time": 1732284097668,
            "isBuyerMaker": true,
            "isBestMatch": true
        },
        {
            "id": 172094,
            "price": "0.00002458",
            "qty": "3785104.00",
            "quoteQty": "93.03785632",
            "time": 1732284108336,
            "isBuyerMaker": true,
            "isBestMatch": true
        },
        {
            "id": 172095,
            "price": "0.00002457",
            "qty": "2768730.00",
            "quoteQty": "68.02769610",
            "time": 1732284122149,
            "isBuyerMaker": true,
            "isBestMatch": true
        },
        {
            "id": 172096,
            "price": "0.00002456",
            "qty": "3503055.00",
            "quoteQty": "86.03503080",
            "time": 1732284126271,
            "isBuyerMaker": true,
            "isBestMatch": true
        },
        {
            "id": 172097,
            "price": "0.00002455",
            "qty": "3136457.00",
            "quoteQty": "77.00001935",
            "time": 1732284145310,
            "isBuyerMaker": true,
            "isBestMatch": true
        },
        {
            "id": 172098,
            "price": "0.00002456",
            "qty": "3868079.00",
            "quoteQty": "95.00002024",
            "time": 1732284160792,
            "isBuyerMaker": false,
            "isBestMatch": true
        },
        {
            "id": 172099,
            "price": "0.00002455",
            "qty": "3056235.00",
            "quoteQty": "75.03056925",
            "time": 1732284165808,
            "isBuyerMaker": true,
            "isBestMatch": true
        },
        {
            "id": 172100,
            "price": "0.00002455",
            "qty": "4073320.00",
            "quoteQty": "100.00000600",
            "time": 1732284168815,
            "isBuyerMaker": true,
            "isBestMatch": true
        },
        {
            "id": 172101,
            "price": "0.00002455",
            "qty": "2933986.00",
            "quoteQty": "72.02935630",
            "time": 1732284176202,
            "isBuyerMaker": true,
            "isBestMatch": true
        },
        {
            "id": 172102,
            "price": "0.00002455",
            "qty": "3504483.00",
            "quoteQty": "86.03505765",
            "time": 1732284192762,
            "isBuyerMaker": true,
            "isBestMatch": true
        },
        {
            "id": 172103,
            "price": "0.00002455",
            "qty": "2769858.00",
            "quoteQty": "68.00001390",
            "time": 1732284194649,
            "isBuyerMaker": true,
            "isBestMatch": true
        },
        {
            "id": 172104,
            "price": "0.00002456",
            "qty": "3175896.00",
            "quoteQty": "78.00000576",
            "time": 1732284207431,
            "isBuyerMaker": false,
            "isBestMatch": true
        },
        {
            "id": 172105,
            "price": "0.00002455",
            "qty": "3503055.00",
            "quoteQty": "86.00000025",
            "time": 1732284213197,
            "isBuyerMaker": true,
            "isBestMatch": true
        },
        {
            "id": 172106,
            "price": "0.00002454",
            "qty": "3708232.00",
            "quoteQty": "91.00001328",
            "time": 1732284228037,
            "isBuyerMaker": true,
            "isBestMatch": true
        },
        {
            "id": 172107,
            "price": "0.00002454",
            "qty": "3911981.00",
            "quoteQty": "96.00001374",
            "time": 1732284238438,
            "isBuyerMaker": true,
            "isBestMatch": true
        },
        {
            "id": 172108,
            "price": "0.00002455",
            "qty": "3828921.00",
            "quoteQty": "94.00001055",
            "time": 1732284247863,
            "isBuyerMaker": true,
            "isBestMatch": true
        },
        {
            "id": 172109,
            "price": "0.00002454",
            "qty": "3056235.00",
            "quoteQty": "75.00000690",
            "time": 1732284277458,
            "isBuyerMaker": false,
            "isBestMatch": true
        },
        {
            "id": 172110,
            "price": "0.00002453",
            "qty": "2936379.00",
            "quoteQty": "72.02937687",
            "time": 1732284283928,
            "isBuyerMaker": true,
            "isBestMatch": true
        },
        {
            "id": 172111,
            "price": "0.00002453",
            "qty": "3342846.00",
            "quoteQty": "82.00001238",
            "time": 1732284283949,
            "isBuyerMaker": true,
            "isBestMatch": true
        },
        {
            "id": 172112,
            "price": "0.00002452",
            "qty": "2528549.00",
            "quoteQty": "62.00002148",
            "time": 1732284294071,
            "isBuyerMaker": true,
            "isBestMatch": true
        },
        {
            "id": 172113,
            "price": "0.00002452",
            "qty": "2528549.00",
            "quoteQty": "62.00002148",
            "time": 1732284326230,
            "isBuyerMaker": true,
            "isBestMatch": true
        },
        {
            "id": 172114,
            "price": "0.00002452",
            "qty": "2243983.00",
            "quoteQty": "55.02246316",
            "time": 1732284338297,
            "isBuyerMaker": true,
            "isBestMatch": true
        },
        {
            "id": 172115,
            "price": "0.00002452",
            "qty": "3470805.00",
            "quoteQty": "85.10413860",
            "time": 1732284357357,
            "isBuyerMaker": true,
            "isBestMatch": true
        },
        {
            "id": 172116,
            "price": "0.00002452",
            "qty": "2530613.00",
            "quoteQty": "62.05063076",
            "time": 1732284364049,
            "isBuyerMaker": true,
            "isBestMatch": true
        },
        {
            "id": 172117,
            "price": "0.00002452",
            "qty": "3223175.00",
            "quoteQty": "79.03225100",
            "time": 1732284364066,
            "isBuyerMaker": true,
            "isBestMatch": true
        },
        {
            "id": 172118,
            "price": "0.00002452",
            "qty": "2895596.00",
            "quoteQty": "71.00001392",
            "time": 1732284394380,
            "isBuyerMaker": false,
            "isBestMatch": true
        },
        {
            "id": 172119,
            "price": "0.00002453",
            "qty": "2119854.00",
            "quoteQty": "52.00001862",
            "time": 1732284403924,
            "isBuyerMaker": false,
            "isBestMatch": true
        },
        {
            "id": 172120,
            "price": "0.00002453",
            "qty": "2445985.00",
            "quoteQty": "60.00001205",
            "time": 1732284413254,
            "isBuyerMaker": false,
            "isBestMatch": true
        },
        {
            "id": 172121,
            "price": "0.00002454",
            "qty": "2363489.00",
            "quoteQty": "58.00002006",
            "time": 1732284418621,
            "isBuyerMaker": false,
            "isBestMatch": true
        },
        {
            "id": 172122,
            "price": "0.00002453",
            "qty": "2731350.00",
            "quoteQty": "67.00001550",
            "time": 1732284421590,
            "isBuyerMaker": true,
            "isBestMatch": true
        },
        {
            "id": 172123,
            "price": "0.00002454",
            "qty": "3382234.00",
            "quoteQty": "83.00002236",
            "time": 1732284433887,
            "isBuyerMaker": false,
            "isBestMatch": true
        },
        {
            "id": 172124,
            "price": "0.00002455",
            "qty": "243021.00",
            "quoteQty": "5.96616555",
            "time": 1732284433887,
            "isBuyerMaker": false,
            "isBestMatch": true
        },
        {
            "id": 172125,
            "price": "0.00002456",
            "qty": "2809447.00",
            "quoteQty": "69.00001832",
            "time": 1732284440130,
            "isBuyerMaker": false,
            "isBestMatch": true
        },
        {
            "id": 172126,
            "price": "0.00002456",
            "qty": "2035831.00",
            "quoteQty": "50.00000936",
            "time": 1732284445013,
            "isBuyerMaker": false,
            "isBestMatch": true
        },
        {
            "id": 172127,
            "price": "0.00002454",
            "qty": "3667482.00",
            "quoteQty": "90.00000828",
            "time": 1732284460291,
            "isBuyerMaker": false,
            "isBestMatch": true
        },
        {
            "id": 172128,
            "price": "0.00002453",
            "qty": "2527518.00",
            "quoteQty": "62.00001654",
            "time": 1732284471988,
            "isBuyerMaker": false,
            "isBestMatch": true
        },
        {
            "id": 172129,
            "price": "0.00002453",
            "qty": "3179780.00",
            "quoteQty": "78.00000340",
            "time": 1732284476946,
            "isBuyerMaker": false,
            "isBestMatch": true
        },
        {
            "id": 172130,
            "price": "0.00002454",
            "qty": "3911981.00",
            "quoteQty": "96.00001374",
            "time": 1732284480536,
            "isBuyerMaker": false,
            "isBestMatch": true
        },
        {
            "id": 172131,
            "price": "0.00002454",
            "qty": "2730237.00",
            "quoteQty": "67.00001598",
            "time": 1732284499672,
            "isBuyerMaker": false,
            "isBestMatch": true
        },
        {
            "id": 172132,
            "price": "0.00002455",
            "qty": "2321793.00",
            "quoteQty": "57.00001815",
            "time": 1732284503408,
            "isBuyerMaker": false,
            "isBestMatch": true
        },
        {
            "id": 172133,
            "price": "0.00002452",
            "qty": "2120718.00",
            "quoteQty": "52.00000536",
            "time": 1732284526449,
            "isBuyerMaker": false,
            "isBestMatch": true
        },
        {
            "id": 172134,
            "price": "0.00002453",
            "qty": "2568284.00",
            "quoteQty": "63.00000652",
            "time": 1732284541807,
            "isBuyerMaker": false,
            "isBestMatch": true
        },
        {
            "id": 172135,
            "price": "0.00002454",
            "qty": "2689487.00",
            "quoteQty": "66.00001098",
            "time": 1732284552110,
            "isBuyerMaker": false,
            "isBestMatch": true
        },
        {
            "id": 172136,
            "price": "0.00002454",
            "qty": "2933986.00",
            "quoteQty": "72.00001644",
            "time": 1732284558707,
            "isBuyerMaker": true,
            "isBestMatch": true
        },
        {
            "id": 172137,
            "price": "0.00002454",
            "qty": "3587444.00",
            "quoteQty": "88.03587576",
            "time": 1732284561450,
            "isBuyerMaker": true,
            "isBestMatch": true
        },
        {
            "id": 172138,
            "price": "0.00002454",
            "qty": "3833606.00",
            "quoteQty": "94.07669124",
            "time": 1732284567847,
            "isBuyerMaker": true,
            "isBestMatch": true
        },
        {
            "id": 172139,
            "price": "0.00002454",
            "qty": "2039984.00",
            "quoteQty": "50.06120736",
            "time": 1732284570798,
            "isBuyerMaker": true,
            "isBestMatch": true
        },
        {
            "id": 172140,
            "price": "0.00002453",
            "qty": "3750510.00",
            "quoteQty": "92.00001030",
            "time": 1732284594765,
            "isBuyerMaker": true,
            "isBestMatch": true
        },
        {
            "id": 172141,
            "price": "0.00002453",
            "qty": "2895596.00",
            "quoteQty": "71.02896988",
            "time": 1732284599608,
            "isBuyerMaker": true,
            "isBestMatch": true
        },
        {
            "id": 172142,
            "price": "0.00002453",
            "qty": "3099511.00",
            "quoteQty": "76.03100483",
            "time": 1732284611763,
            "isBuyerMaker": true,
            "isBestMatch": true
        },
        {
            "id": 172143,
            "price": "0.00002453",
            "qty": "2121584.00",
            "quoteQty": "52.04245552",
            "time": 1732284617093,
            "isBuyerMaker": true,
            "isBestMatch": true
        },
        {
            "id": 172144,
            "price": "0.00002454",
            "qty": "2648737.00",
            "quoteQty": "65.00000598",
            "time": 1732284643044,
            "isBuyerMaker": false,
            "isBestMatch": true
        },
        {
            "id": 172145,
            "price": "0.00002453",
            "qty": "2731350.00",
            "quoteQty": "67.00001550",
            "time": 1732284673954,
            "isBuyerMaker": false,
            "isBestMatch": true
        },
        {
            "id": 172146,
            "price": "0.00002454",
            "qty": "2159740.00",
            "quoteQty": "53.00001960",
            "time": 1732284677400,
            "isBuyerMaker": false,
            "isBestMatch": true
        },
        {
            "id": 172147,
            "price": "0.00002455",
            "qty": "3258656.00",
            "quoteQty": "80.00000480",
            "time": 1732284696606,
            "isBuyerMaker": false,
            "isBestMatch": true
        },
        {
            "id": 172148,
            "price": "0.00002452",
            "qty": "2814030.00",
            "quoteQty": "69.00001560",
            "time": 1732284725640,
            "isBuyerMaker": true,
            "isBestMatch": true
        },
        {
            "id": 172149,
            "price": "0.00002451",
            "qty": "3100776.00",
            "quoteQty": "76.00001976",
            "time": 1732284730003,
            "isBuyerMaker": true,
            "isBestMatch": true
        },
        {
            "id": 172150,
            "price": "0.00002451",
            "qty": "3508772.00",
            "quoteQty": "86.00000172",
            "time": 1732284744981,
            "isBuyerMaker": true,
            "isBestMatch": true
        },
        {
            "id": 172151,
            "price": "0.00002452",
            "qty": "2039152.00",
            "quoteQty": "50.00000704",
            "time": 1732284771253,
            "isBuyerMaker": true,
            "isBestMatch": true
        },
        {
            "id": 172152,
            "price": "0.00002453",
            "qty": "3791276.00",
            "quoteQty": "93.00000028",
            "time": 1732284781352,
            "isBuyerMaker": false,
            "isBestMatch": true
        },
        {
            "id": 172153,
            "price": "0.00002454",
            "qty": "3056235.00",
            "quoteQty": "75.00000690",
            "time": 1732284814228,
            "isBuyerMaker": false,
            "isBestMatch": true
        },
        {
            "id": 172154,
            "price": "0.00002455",
            "qty": "2810591.00",
            "quoteQty": "69.00000905",
            "time": 1732284830470,
            "isBuyerMaker": false,
            "isBestMatch": true
        },
        {
            "id": 172155,
            "price": "0.00002456",
            "qty": "2605864.00",
            "quoteQty": "64.00001984",
            "time": 1732284838483,
            "isBuyerMaker": false,
            "isBestMatch": true
        },
        {
            "id": 172156,
            "price": "0.00002456",
            "qty": "3338763.00",
            "quoteQty": "82.00001928",
            "time": 1732284845556,
            "isBuyerMaker": false,
            "isBestMatch": true
        },
        {
            "id": 172157,
            "price": "0.00002456",
            "qty": "2483714.00",
            "quoteQty": "61.00001584",
            "time": 1732284856640,
            "isBuyerMaker": false,
            "isBestMatch": true
        },
        {
            "id": 172158,
            "price": "0.00002457",
            "qty": "2035003.00",
            "quoteQty": "50.00002371",
            "time": 1732284862018,
            "isBuyerMaker": false,
            "isBestMatch": true
        },
        {
            "id": 172159,
            "price": "0.00002458",
            "qty": "2278276.00",
            "quoteQty": "56.00002408",
            "time": 1732284872921,
            "isBuyerMaker": false,
            "isBestMatch": true
        },
        {
            "id": 172160,
            "price": "0.00002458",
            "qty": "3254679.00",
            "quoteQty": "80.00000982",
            "time": 1732284917865,
            "isBuyerMaker": false,
            "isBestMatch": true
        },
        {
            "id": 172161,
            "price": "0.00002457",
            "qty": "2726903.00",
            "quoteQty": "67.00000671",
            "time": 1732284957207,
            "isBuyerMaker": false,
            "isBestMatch": true
        },
        {
            "id": 172162,
            "price": "0.00002458",
            "qty": "2766477.00",
            "quoteQty": "68.00000466",
            "time": 1732285009365,
            "isBuyerMaker": false,
            "isBestMatch": true
        },
        {
            "id": 172163,
            "price": "0.00002458",
            "qty": "3498780.00",
            "quoteQty": "86.00001240",
            "time": 1732285021363,
            "isBuyerMaker": false,
            "isBestMatch": true
        },
        {
            "id": 172164,
            "price": "0.00002459",
            "qty": "2318016.00",
            "quoteQty": "57.00001344",
            "time": 1732285029377,
            "isBuyerMaker": false,
            "isBestMatch": true
        },
        {
            "id": 172165,
            "price": "0.00002460",
            "qty": "2357724.00",
            "quoteQty": "58.00001040",
            "time": 1732285039455,
            "isBuyerMaker": false,
            "isBestMatch": true
        },
        {
            "id": 172166,
            "price": "0.00002461",
            "qty": "2031695.00",
            "quoteQty": "50.00001395",
            "time": 1732285047277,
            "isBuyerMaker": false,
            "isBestMatch": true
        },
        {
            "id": 172167,
            "price": "0.00002462",
            "qty": "973992.00",
            "quoteQty": "23.97968304",
            "time": 1732285047277,
            "isBuyerMaker": false,
            "isBestMatch": true
        },
        {
            "id": 172168,
            "price": "0.00002463",
            "qty": "2801462.00",
            "quoteQty": "69.00000906",
            "time": 1732285062312,
            "isBuyerMaker": false,
            "isBestMatch": true
        },
        {
            "id": 172169,
            "price": "0.00002464",
            "qty": "2678572.00",
            "quoteQty": "66.00001408",
            "time": 1732285069177,
            "isBuyerMaker": false,
            "isBestMatch": true
        },
        {
            "id": 172170,
            "price": "0.00002464",
            "qty": "2637988.00",
            "quoteQty": "65.00002432",
            "time": 1732285076272,
            "isBuyerMaker": false,
            "isBestMatch": true
        },
        {
            "id": 172171,
            "price": "0.00002465",
            "qty": "3488844.00",
            "quoteQty": "86.00000460",
            "time": 1732285079156,
            "isBuyerMaker": false,
            "isBestMatch": true
        },
        {
            "id": 172172,
            "price": "0.00002465",
            "qty": "3933496.00",
            "quoteQty": "96.96067640",
            "time": 1732285086493,
            "isBuyerMaker": false,
            "isBestMatch": true
        },
        {
            "id": 172173,
            "price": "0.00002463",
            "qty": "2598458.00",
            "quoteQty": "64.00002054",
            "time": 1732285111091,
            "isBuyerMaker": false,
            "isBestMatch": true
        },
        {
            "id": 172174,
            "price": "0.00002462",
            "qty": "2397400.00",
            "quoteQty": "59.02398800",
            "time": 1732285118458,
            "isBuyerMaker": true,
            "isBestMatch": true
        },
        {
            "id": 172175,
            "price": "0.00002462",
            "qty": "3005687.00",
            "quoteQty": "74.00001394",
            "time": 1732285122017,
            "isBuyerMaker": true,
            "isBestMatch": true
        },
        {
            "id": 172176,
            "price": "0.00002459",
            "qty": "2765352.00",
            "quoteQty": "68.00000568",
            "time": 1732285196438,
            "isBuyerMaker": true,
            "isBestMatch": true
        },
        {
            "id": 172177,
            "price": "0.00002459",
            "qty": "3783564.00",
            "quoteQty": "93.03783876",
            "time": 1732285203702,
            "isBuyerMaker": true,
            "isBestMatch": true
        },
        {
            "id": 172178,
            "price": "0.00002459",
            "qty": "3581604.00",
            "quoteQty": "88.07164236",
            "time": 1732285207430,
            "isBuyerMaker": true,
            "isBestMatch": true
        },
        {
            "id": 172179,
            "price": "0.00002457",
            "qty": "2809447.00",
            "quoteQty": "69.02811279",
            "time": 1732285212987,
            "isBuyerMaker": true,
            "isBestMatch": true
        },
        {
            "id": 172180,
            "price": "0.00002457",
            "qty": "2157103.00",
            "quoteQty": "53.00002071",
            "time": 1732285228245,
            "isBuyerMaker": true,
            "isBestMatch": true
        },
        {
            "id": 172181,
            "price": "0.00002457",
            "qty": "3298046.00",
            "quoteQty": "81.03299022",
            "time": 1732285232060,
            "isBuyerMaker": true,
            "isBestMatch": true
        },
        {
            "id": 172182,
            "price": "0.00002457",
            "qty": "2036660.00",
            "quoteQty": "50.04073620",
            "time": 1732285235821,
            "isBuyerMaker": true,
            "isBestMatch": true
        },
        {
            "id": 172183,
            "price": "0.00002455",
            "qty": "2282919.00",
            "quoteQty": "56.04566145",
            "time": 1732285255397,
            "isBuyerMaker": true,
            "isBestMatch": true
        },
        {
            "id": 172184,
            "price": "0.00002455",
            "qty": "731338.00",
            "quoteQty": "17.95434790",
            "time": 1732285285012,
            "isBuyerMaker": true,
            "isBestMatch": true
        },
        {
            "id": 172185,
            "price": "0.00002454",
            "qty": "2447147.00",
            "quoteQty": "60.05298738",
            "time": 1732285300342,
            "isBuyerMaker": false,
            "isBestMatch": true
        },
        {
            "id": 172186,
            "price": "0.00002455",
            "qty": "1175157.00",
            "quoteQty": "28.85010435",
            "time": 1732285300342,
            "isBuyerMaker": false,
            "isBestMatch": true
        },
        {
            "id": 172187,
            "price": "0.00002455",
            "qty": "2287165.00",
            "quoteQty": "56.14990075",
            "time": 1732285326966,
            "isBuyerMaker": false,
            "isBestMatch": true
        },
        {
            "id": 172188,
            "price": "0.00002456",
            "qty": "318699.00",
            "quoteQty": "7.82724744",
            "time": 1732285326966,
            "isBuyerMaker": false,
            "isBestMatch": true
        },
        {
            "id": 172189,
            "price": "0.00002456",
            "qty": "2002148.00",
            "quoteQty": "49.17275488",
            "time": 1732285344997,
            "isBuyerMaker": false,
            "isBestMatch": true
        },
        {
            "id": 172190,
            "price": "0.00002457",
            "qty": "1047873.00",
            "quoteQty": "25.74623961",
            "time": 1732285344997,
            "isBuyerMaker": false,
            "isBestMatch": true
        },
        {
            "id": 172191,
            "price": "0.00002457",
            "qty": "1272030.00",
            "quoteQty": "31.25377710",
            "time": 1732285372934,
            "isBuyerMaker": false,
            "isBestMatch": true
        },
        {
            "id": 172192,
            "price": "0.00002458",
            "qty": "2348800.00",
            "quoteQty": "57.73350400",
            "time": 1732285372934,
            "isBuyerMaker": false,
            "isBestMatch": true
        },
        {
            "id": 172193,
            "price": "0.00002455",
            "qty": "2892058.00",
            "quoteQty": "71.00002390",
            "time": 1732285429482,
            "isBuyerMaker": true,
            "isBestMatch": true
        },
        {
            "id": 172194,
            "price": "0.00002454",
            "qty": "1103051.00",
            "quoteQty": "27.06887154",
            "time": 1732285429482,
            "isBuyerMaker": true,
            "isBestMatch": true
        },
        {
            "id": 172195,
            "price": "0.00002456",
            "qty": "2850163.00",
            "quoteQty": "70.00000328",
            "time": 1732285495389,
            "isBuyerMaker": false,
            "isBestMatch": true
        },
        {
            "id": 172196,
            "price": "0.00002457",
            "qty": "1097741.00",
            "quoteQty": "26.97149637",
            "time": 1732285495389,
            "isBuyerMaker": false,
            "isBestMatch": true
        },
        {
            "id": 172197,
            "price": "0.00002457",
            "qty": "1751262.00",
            "quoteQty": "43.02850734",
            "time": 1732285512040,
            "isBuyerMaker": false,
            "isBestMatch": true
        },
        {
            "id": 172198,
            "price": "0.00002458",
            "qty": "522389.00",
            "quoteQty": "12.84032162",
            "time": 1732285512040,
            "isBuyerMaker": false,
            "isBestMatch": true
        },
        {
            "id": 172199,
            "price": "0.00002458",
            "qty": "2976391.00",
            "quoteQty": "73.15969078",
            "time": 1732285528210,
            "isBuyerMaker": false,
            "isBestMatch": true
        },
        {
            "id": 172200,
            "price": "0.00002458",
            "qty": "477490.00",
            "quoteQty": "11.73670420",
            "time": 1732285528210,
            "isBuyerMaker": false,
            "isBestMatch": true
        },
        {
            "id": 172201,
            "price": "0.00002458",
            "qty": "2723578.00",
            "quoteQty": "66.94554724",
            "time": 1732285528222,
            "isBuyerMaker": false,
            "isBestMatch": true
        },
        {
            "id": 172202,
            "price": "0.00002458",
            "qty": "3212689.00",
            "quoteQty": "78.96789562",
            "time": 1732285528240,
            "isBuyerMaker": false,
            "isBestMatch": true
        },
        {
            "id": 172203,
            "price": "0.00002461",
            "qty": "3164301.00",
            "quoteQty": "77.87344761",
            "time": 1732285544434,
            "isBuyerMaker": false,
            "isBestMatch": true
        },
        {
            "id": 172204,
