{
    "data": [
        {
            "id": 934583,
            "price": "255.89000000",
            "qty": "1.44700000",
            "quoteQty": "370.27283000",
            "time": 1732291448876,
            "isBuyerMaker": true,
            "isBestMatch": true
        },
        {
            "id": 934584,
            "price": "255.89000000",
            "qty": "1.25100000",
            "quoteQty": "320.11839000",
            "time": 1732291448893,
            "isBuyerMaker": true,
            "isBestMatch": true
        },
        {
            "id": 934585,
            "price": "255.89000000",
            "qty": "1.79900000",
            "quoteQty": "460.34611000",
            "time": 1732291451145,
            "isBuyerMaker": true,
            "isBestMatch": true
        },
        {
            "id": 934586,
            "price": "255.97000000",
            "qty": "0.64900000",
            "quoteQty": "166.12453000",
            "time": 1732291451530,
            "isBuyerMaker": false,
            "isBestMatch": true
        },
        {
            "id": 934587,
            "price": "255.89000000",
            "qty": "1.56900000",
            "quoteQty": "401.49141000",
            "time": 1732291452528,
            "isBuyerMaker": true,
            "isBestMatch": true
        },
        {
            "id": 934588,
            "price": "255.97000000",
            "qty": "0.38900000",
            "quoteQty": "99.57233000",
            "time": 1732291452529,
            "isBuyerMaker": false,
            "isBestMatch": true
        },
        {
            "id": 934589,
            "price": "255.89000000",
            "qty": "1.89700000",
            "quoteQty": "485.42333000",
            "time": 1732291453006,
            "isBuyerMaker": true,
            "isBestMatch": true
        },
        {
            "id": 934590,
            "price": "255.89000000",
            "qty": "1.64200000",
            "quoteQty": "420.17138000",
            "time": 1732291453029,
            "isBuyerMaker": true,
            "isBestMatch": true
        },
        {
            "id": 934591,
            "price": "255.89000000",
            "qty": "1.71100000",
            "quoteQty": "437.82779000",
            "time": 1732291453524,
            "isBuyerMaker": true,
            "isBestMatch": true
        },
        {
            "id": 934592,
            "price": "255.89000000",
            "qty": "1.19200000",
            "quoteQty": "305.02088000",
            "time": 1732291454873,
            "isBuyerMaker": true,
            "isBestMatch": true
        },
        {
            "id": 934593,
            "price": "255.89000000",
            "qty": "2.58600000",
            "quoteQty": "661.73154000",
            "time": 1732291455526,
            "isBuyerMaker": true,
            "isBestMatch": true
        },
        {
            "id": 934594,
            "price": "255.89000000",
            "qty": "1.69500000",
            "quoteQty": "433.73355000",
            "time": 1732291456531,
            "isBuyerMaker": true,
            "isBestMatch": true
        },
        {
            "id": 934595,
            "price": "255.89000000",
            "qty": "1.11500000",
            "quoteQty": "285.31735000",
            "time": 1732291459663,
            "isBuyerMaker": true,
            "isBestMatch": true
        },
        {
            "id": 934596,
            "price": "255.89000000",
            "qty": "1.36900000",
            "quoteQty": "350.31341000",
            "time": 1732291461544,
            "isBuyerMaker": true,
            "isBestMatch": true
        },
        {
            "id": 934597,
            "price": "255.89000000",
            "qty": "1.38900000",
            "quoteQty": "355.43121000",
            "time": 1732291463478,
            "isBuyerMaker": true,
            "isBestMatch": true
        },
        {
            "id": 934598,
            "price": "255.89000000",
            "qty": "1.31000000",
            "quoteQty": "335.21590000",
            "time": 1732291463493,
            "isBuyerMaker": true,
            "isBestMatch": true
        },
        {
            "id": 934599,
            "price": "255.89000000",
            "qty": "1.03600000",
            "quoteQty": "265.10204000",
            "time": 1732291463507,
            "isBuyerMaker": true,
            "isBestMatch": true
        },
        {
            "id": 934600,
            "price": "255.89000000",
            "qty": "1.09500000",
            "quoteQty": "280.19955000",
            "time": 1732291463531,
            "isBuyerMaker": true,
            "isBestMatch": true
        },
        {
            "id": 934601,
            "price": "255.89000000",
            "qty": "1.44700000",
            "quoteQty": "370.27283000",
            "time": 1732291463549,
            "isBuyerMaker": true,
            "isBestMatch": true
        },
        {
            "id": 934602,
            "price": "255.89000000",
            "qty": "1.79800000",
            "quoteQty": "460.09022000",
            "time": 1732291463567,
            "isBuyerMaker": true,
            "isBestMatch": true
        },
        {
            "id": 934603,
            "price": "255.89000000",
            "qty": "1.70200000",
            "quoteQty": "435.52478000",
            "time": 1732291466011,
            "isBuyerMaker": true,
            "isBestMatch": true
        },
        {
            "id": 934604,
            "price": "255.89000000",
            "qty": "1.17400000",
            "quoteQty": "300.41486000",
            "time": 1732291469011,
            "isBuyerMaker": true,
            "isBestMatch": true
        },
        {
            "id": 934605,
            "price": "255.89000000",
            "qty": "1.83900000",
            "quoteQty": "470.58171000",
            "time": 1732291469029,
            "isBuyerMaker": true,
            "isBestMatch": true
        },
        {
            "id": 934606,
            "price": "255.89000000",
            "qty": "1.91700000",
            "quoteQty": "490.54113000",
            "time": 1732291471158,
            "isBuyerMaker": true,
            "isBestMatch": true
        },
        {
            "id": 934607,
            "price": "255.89000000",
            "qty": "1.23200000",
            "quoteQty": "315.25648000",
            "time": 1732291471174,
            "isBuyerMaker": true,
            "isBestMatch": true
        },
        {
            "id": 934608,
            "price": "255.89000000",
            "qty": "1.77900000",
            "quoteQty": "455.22831000",
            "time": 1732291471200,
            "isBuyerMaker": true,
            "isBestMatch": true
        },
        {
            "id": 934609,
            "price": "255.89000000",
            "qty": "1.36900000",
            "quoteQty": "350.31341000",
            "time": 1732291473263,
            "isBuyerMaker": true,
            "isBestMatch": true
        },
        {
            "id": 934610,
            "price": "255.89000000",
            "qty": "1.31000000",
            "quoteQty": "335.21590000",
            "time": 1732291473277,
            "isBuyerMaker": true,
            "isBestMatch": true
        },
        {
            "id": 934611,
            "price": "255.89000000",
            "qty": "1.95600000",
            "quoteQty": "500.52084000",
            "time": 1732291476891,
            "isBuyerMaker": true,
            "isBestMatch": true
        },
        {
            "id": 934612,
            "price": "255.89000000",
            "qty": "1.21300000",
            "quoteQty": "310.39457000",
            "time": 1732291476899,
            "isBuyerMaker": true,
            "isBestMatch": true
        },
        {
            "id": 934613,
            "price": "255.89000000",
            "qty": "2.74100000",
            "quoteQty": "701.39449000",
            "time": 1732291477528,
            "isBuyerMaker": true,
            "isBestMatch": true
        },
        {
            "id": 934614,
            "price": "255.89000000",
            "qty": "1.83800000",
            "quoteQty": "470.32582000",
            "time": 1732291478960,
            "isBuyerMaker": true,
            "isBestMatch": true
        },
        {
            "id": 934615,
            "price": "255.89000000",
            "qty": "1.29000000",
            "quoteQty": "330.09810000",
            "time": 1732291480978,
            "isBuyerMaker": true,
            "isBestMatch": true
        },
        {
            "id": 934616,
            "price": "255.89000000",
            "qty": "3.04900000",
            "quoteQty": "780.20861000",
            "time": 1732291481529,
            "isBuyerMaker": true,
            "isBestMatch": true
        },
        {
            "id": 934617,
            "price": "255.69000000",
            "qty": "1.01700000",
            "quoteQty": "260.03673000",
            "time": 1732291485084,
            "isBuyerMaker": true,
            "isBestMatch": true
        },
        {
            "id": 934618,
            "price": "255.69000000",
            "qty": "0.99800000",
            "quoteQty": "255.17862000",
            "time": 1732291487061,
            "isBuyerMaker": true,
            "isBestMatch": true
        },
        {
            "id": 934619,
            "price": "255.70000000",
            "qty": "1.07300000",
            "quoteQty": "274.36610000",
            "time": 1732291488526,
            "isBuyerMaker": false,
            "isBestMatch": true
        },
        {
            "id": 934620,
            "price": "255.70000000",
            "qty": "0.55000000",
            "quoteQty": "140.63500000",
            "time": 1732291489528,
            "isBuyerMaker": false,
            "isBestMatch": true
        },
        {
            "id": 934621,
            "price": "255.69000000",
            "qty": "1.37300000",
            "quoteQty": "351.06237000",
            "time": 1732291489529,
            "isBuyerMaker": true,
            "isBestMatch": true
        },
        {
            "id": 934622,
            "price": "255.71000000",
            "qty": "0.79500000",
            "quoteQty": "203.28945000",
            "time": 1732291490529,
            "isBuyerMaker": false,
            "isBestMatch": true
        },
        {
            "id": 934623,
            "price": "255.70000000",
            "qty": "1.37400000",
            "quoteQty": "351.33180000",
            "time": 1732291491532,
            "isBuyerMaker": true,
            "isBestMatch": true
        },
        {
            "id": 934624,
            "price": "255.71000000",
            "qty": "1.16100000",
            "quoteQty": "296.87931000",
            "time": 1732291491556,
            "isBuyerMaker": false,
            "isBestMatch": true
        },
        {
            "id": 934625,
            "price": "255.72000000",
            "qty": "0.67200000",
            "quoteQty": "171.84384000",
            "time": 1732291492530,
            "isBuyerMaker": false,
            "isBestMatch": true
        },
        {
            "id": 934626,
            "price": "255.70000000",
            "qty": "0.11000000",
            "quoteQty": "28.12700000",
            "time": 1732291493527,
            "isBuyerMaker": true,
            "isBestMatch": true
        },
        {
            "id": 934627,
            "price": "255.72000000",
            "qty": "0.65800000",
            "quoteQty": "168.26376000",
            "time": 1732291497528,
            "isBuyerMaker": false,
            "isBestMatch": true
        },
        {
            "id": 934628,
            "price": "255.73000000",
            "qty": "0.94100000",
            "quoteQty": "240.64193000",
            "time": 1732291498533,
            "isBuyerMaker": false,
            "isBestMatch": true
        },
        {
            "id": 934629,
            "price": "255.70000000",
            "qty": "1.57900000",
            "quoteQty": "403.75030000",
            "time": 1732291499535,
            "isBuyerMaker": false,
            "isBestMatch": true
        },
        {
            "id": 934630,
            "price": "255.69000000",
            "qty": "1.62800000",
            "quoteQty": "416.26332000",
            "time": 1732291499538,
            "isBuyerMaker": true,
            "isBestMatch": true
        },
        {
            "id": 934631,
            "price": "255.70000000",
            "qty": "0.26000000",
            "quoteQty": "66.48200000",
            "time": 1732291500528,
            "isBuyerMaker": false,
            "isBestMatch": true
        },
        {
            "id": 934632,
            "price": "255.71000000",
            "qty": "1.68200000",
            "quoteQty": "430.10422000",
            "time": 1732291500927,
            "isBuyerMaker": false,
            "isBestMatch": true
        },
        {
            "id": 934633,
            "price": "255.73000000",
            "qty": "0.13500000",
            "quoteQty": "34.52355000",
            "time": 1732291501525,
            "isBuyerMaker": false,
            "isBestMatch": true
        },
        {
            "id": 934634,
            "price": "255.75000000",
            "qty": "0.11500000",
            "quoteQty": "29.41125000",
            "time": 1732291502527,
            "isBuyerMaker": false,
            "isBestMatch": true
        },
        {
            "id": 934635,
            "price": "255.75000000",
            "qty": "1.28900000",
            "quoteQty": "329.66175000",
            "time": 1732291503525,
            "isBuyerMaker": false,
            "isBestMatch": true
        },
        {
            "id": 934636,
            "price": "255.69000000",
            "qty": "0.85400000",
            "quoteQty": "218.35926000",
            "time": 1732291503528,
            "isBuyerMaker": true,
            "isBestMatch": true
        },
        {
            "id": 934637,
            "price": "255.73000000",
            "qty": "0.36200000",
            "quoteQty": "92.57426000",
            "time": 1732291504524,
            "isBuyerMaker": true,
            "isBestMatch": true
        },
        {
            "id": 934638,
            "price": "255.75000000",
            "qty": "0.16100000",
            "quoteQty": "41.17575000",
            "time": 1732291504525,
            "isBuyerMaker": false,
            "isBestMatch": true
        },
        {
            "id": 934639,
            "price": "255.73000000",
            "qty": "0.27500000",
            "quoteQty": "70.32575000",
            "time": 1732291505523,
            "isBuyerMaker": true,
            "isBestMatch": true
        },
        {
            "id": 934640,
            "price": "255.77000000",
            "qty": "1.03700000",
            "quoteQty": "265.23349000",
            "time": 1732291505527,
            "isBuyerMaker": false,
            "isBestMatch": true
        },
        {
            "id": 934641,
            "price": "255.79000000",
            "qty": "1.09500000",
            "quoteQty": "280.09005000",
            "time": 1732291506526,
            "isBuyerMaker": false,
            "isBestMatch": true
        },
        {
            "id": 934642,
            "price": "255.80000000",
            "qty": "0.42600000",
            "quoteQty": "108.97080000",
            "time": 1732291507531,
            "isBuyerMaker": false,
            "isBestMatch": true
        },
        {
            "id": 934643,
            "price": "255.75000000",
            "qty": "0.81800000",
            "quoteQty": "209.20350000",
            "time": 1732291507540,
            "isBuyerMaker": true,
            "isBestMatch": true
        },
        {
            "id": 934644,
            "price": "255.80000000",
            "qty": "0.53200000",
            "quoteQty": "136.08560000",
            "time": 1732291508523,
            "isBuyerMaker": false,
            "isBestMatch": true
        },
        {
            "id": 934645,
            "price": "255.80000000",
            "qty": "0.19600000",
            "quoteQty": "50.13680000",
            "time": 1732291509527,
            "isBuyerMaker": false,
            "isBestMatch": true
        },
        {
            "id": 934646,
            "price": "255.75000000",
            "qty": "0.59000000",
            "quoteQty": "150.89250000",
            "time": 1732291509528,
            "isBuyerMaker": true,
            "isBestMatch": true
        },
        {
            "id": 934647,
            "price": "255.81000000",
            "qty": "0.29300000",
            "quoteQty": "74.95233000",
            "time": 1732291510524,
            "isBuyerMaker": false,
            "isBestMatch": true
        },
        {
            "id": 934648,
            "price": "255.74000000",
            "qty": "0.70000000",
            "quoteQty": "179.01800000",
            "time": 1732291510525,
            "isBuyerMaker": true,
            "isBestMatch": true
        },
        {
            "id": 934649,
            "price": "255.81000000",
            "qty": "0.67600000",
            "quoteQty": "172.92756000",
            "time": 1732291511527,
            "isBuyerMaker": false,
            "isBestMatch": true
        },
        {
            "id": 934650,
            "price": "255.81000000",
            "qty": "0.38000000",
            "quoteQty": "97.20780000",
            "time": 1732291512525,
            "isBuyerMaker": false,
            "isBestMatch": true
        },
        {
            "id": 934651,
            "price": "255.78000000",
            "qty": "1.34900000",
            "quoteQty": "345.04722000",
            "time": 1732291512528,
            "isBuyerMaker": true,
            "isBestMatch": true
        },
        {
            "id": 934652,
            "price": "255.82000000",
            "qty": "0.73200000",
            "quoteQty": "187.26024000",
            "time": 1732291513527,
            "isBuyerMaker": false,
            "isBestMatch": true
        },
        {
            "id": 934653,
            "price": "255.77000000",
            "qty": "0.70000000",
            "quoteQty": "179.03900000",
            "time": 1732291513528,
            "isBuyerMaker": true,
            "isBestMatch": true
        },
        {
            "id": 934654,
            "price": "255.77000000",
            "qty": "0.63000000",
            "quoteQty": "161.13510000",
            "time": 1732291514525,
            "isBuyerMaker": true,
            "isBestMatch": true
        },
        {
            "id": 934655,
            "price": "255.82000000",
            "qty": "0.48000000",
            "quoteQty": "122.79360000",
            "time": 1732291514526,
            "isBuyerMaker": false,
            "isBestMatch": true
        },
        {
            "id": 934656,
            "price": "255.76000000",
            "qty": "1.03700000",
            "quoteQty": "265.22312000",
            "time": 1732291515523,
            "isBuyerMaker": true,
            "isBestMatch": true
        },
        {
            "id": 934657,
            "price": "255.83000000",
            "qty": "0.51500000",
            "quoteQty": "131.75245000",
            "time": 1732291515529,
            "isBuyerMaker": false,
            "isBestMatch": true
        },
        {
            "id": 934658,
            "price": "255.82000000",
            "qty": "1.38500000",
            "quoteQty": "354.31070000",
            "time": 1732291516530,
            "isBuyerMaker": false,
            "isBestMatch": true
        },
        {
            "id": 934659,
            "price": "255.81000000",
            "qty": "1.76000000",
            "quoteQty": "450.22560000",
            "time": 1732291516531,
            "isBuyerMaker": true,
            "isBestMatch": true
        },
        {
            "id": 934660,
            "price": "255.82000000",
            "qty": "1.15100000",
            "quoteQty": "294.44882000",
            "time": 1732291517525,
            "isBuyerMaker": false,
            "isBestMatch": true
        },
        {
            "id": 934661,
            "price": "255.74000000",
            "qty": "0.19900000",
            "quoteQty": "50.89226000",
            "time": 1732291517528,
            "isBuyerMaker": true,
            "isBestMatch": true
        },
        {
            "id": 934662,
            "price": "255.82000000",
            "qty": "1.52200000",
            "quoteQty": "389.35804000",
            "time": 1732291518522,
            "isBuyerMaker": false,
            "isBestMatch": true
        },
        {
            "id": 934663,
            "price": "255.78000000",
            "qty": "0.97800000",
            "quoteQty": "250.15284000",
            "time": 1732291519526,
            "isBuyerMaker": false,
            "isBestMatch": true
        },
        {
            "id": 934664,
            "price": "255.79000000",
            "qty": "0.60400000",
            "quoteQty": "154.49716000",
            "time": 1732291520524,
            "isBuyerMaker": false,
            "isBestMatch": true
        },
        {
            "id": 934665,
            "price": "255.79000000",
            "qty": "1.35100000",
            "quoteQty": "345.57229000",
            "time": 1732291521527,
            "isBuyerMaker": false,
            "isBestMatch": true
        },
        {
            "id": 934666,
            "price": "255.82000000",
            "qty": "1.32600000",
            "quoteQty": "339.21732000",
            "time": 1732291522530,
            "isBuyerMaker": false,
            "isBestMatch": true
        },
        {
            "id": 934667,
            "price": "255.80000000",
            "qty": "1.40800000",
            "quoteQty": "360.16640000",
            "time": 1732291523528,
            "isBuyerMaker": false,
            "isBestMatch": true
        },
        {
            "id": 934668,
            "price": "255.83000000",
            "qty": "1.04900000",
            "quoteQty": "268.36567000",
            "time": 1732291524527,
            "isBuyerMaker": false,
            "isBestMatch": true
        },
        {
            "id": 934669,
            "price": "255.81000000",
            "qty": "0.90300000",
            "quoteQty": "230.99643000",
            "time": 1732291525527,
            "isBuyerMaker": true,
            "isBestMatch": true
        },
        {
            "id": 934670,
            "price": "255.84000000",
            "qty": "1.74000000",
            "quoteQty": "445.16160000",
            "time": 1732291525528,
            "isBuyerMaker": false,
            "isBestMatch": true
        },
        {
            "id": 934671,
            "price": "255.85000000",
            "qty": "0.15200000",
            "quoteQty": "38.88920000",
            "time": 1732291526524,
            "isBuyerMaker": false,
            "isBestMatch": true
        },
        {
            "id": 934672,
            "price": "255.86000000",
            "qty": "1.23100000",
            "quoteQty": "314.96366000",
            "time": 1732291527524,
            "isBuyerMaker": false,
            "isBestMatch": true
        },
        {
            "id": 934673,
            "price": "255.86000000",
            "qty": "0.41100000",
            "quoteQty": "105.15846000",
            "time": 1732291528525,
            "isBuyerMaker": false,
            "isBestMatch": true
        },
        {
            "id": 934674,
            "price": "255.82000000",
            "qty": "0.17200000",
            "quoteQty": "44.00104000",
            "time": 1732291529528,
            "isBuyerMaker": false,
            "isBestMatch": true
        },
        {
            "id": 934675,
            "price": "255.81000000",
            "qty": "0.97400000",
            "quoteQty": "249.15894000",
            "time": 1732291530527,
            "isBuyerMaker": true,
            "isBestMatch": true
        },
        {
            "id": 934676,
            "price": "255.82000000",
            "qty": "1.54100000",
            "quoteQty": "394.21862000",
            "time": 1732291530533,
            "isBuyerMaker": false,
            "isBestMatch": true
        },
        {
            "id": 934677,
            "price": "255.82000000",
            "qty": "0.16400000",
            "quoteQty": "41.95448000",
            "time": 1732291531529,
            "isBuyerMaker": false,
            "isBestMatch": true
        },
        {
            "id": 934678,
            "price": "255.80000000",
            "qty": "1.28100000",
            "quoteQty": "327.67980000",
            "time": 1732291531532,
            "isBuyerMaker": true,
            "isBestMatch": true
        },
        {
            "id": 934679,
            "price": "255.85000000",
            "qty": "1.19300000",
            "quoteQty": "305.22905000",
            "time": 1732291531565,
            "isBuyerMaker": false,
            "isBestMatch": true
        },
        {
            "id": 934680,
            "price": "255.87000000",
            "qty": "0.27300000",
            "quoteQty": "69.85251000",
            "time": 1732291531565,
            "isBuyerMaker": false,
            "isBestMatch": true
        },
        {
            "id": 934681,
            "price": "255.87000000",
            "qty": "1.19300000",
            "quoteQty": "305.25291000",
            "time": 1732291531580,
            "isBuyerMaker": false,
            "isBestMatch": true
        },
        {
            "id": 934682,
            "price": "255.89000000",
            "qty": "1.15300000",
            "quoteQty": "295.04117000",
            "time": 1732291532527,
            "isBuyerMaker": false,
            "isBestMatch": true
        },
        {
            "id": 934683,
            "price": "255.90000000",
            "qty": "0.17300000",
            "quoteQty": "44.27070000",
            "time": 1732291533533,
            "isBuyerMaker": false,
            "isBestMatch": true
        },
        {
            "id": 934684,
            "price": "255.90000000",
            "qty": "1.60600000",
            "quoteQty": "410.97540000",
            "time": 1732291534527,
            "isBuyerMaker": false,
            "isBestMatch": true
        },
        {
            "id": 934685,
            "price": "255.91000000",
            "qty": "0.08300000",
            "quoteQty": "21.24053000",
            "time": 1732291535531,
            "isBuyerMaker": false,
            "isBestMatch": true
        },
        {
            "id": 934686,
            "price": "255.87000000",
            "qty": "0.43200000",
            "quoteQty": "110.53584000",
            "time": 1732291536529,
            "isBuyerMaker": true,
            "isBestMatch": true
        },
        {
            "id": 934687,
            "price": "255.86000000",
            "qty": "1.75900000",
            "quoteQty": "450.05774000",
            "time": 1732291538470,
            "isBuyerMaker": true,
            "isBestMatch": true
        },
        {
            "id": 934688,
            "price": "255.86000000",
            "qty": "1.75900000",
            "quoteQty": "450.05774000",
            "time": 1732291538491,
            "isBuyerMaker": true,
            "isBestMatch": true
        },
        {
            "id": 934689,
            "price": "255.86000000",
            "qty": "1.09500000",
            "quoteQty": "280.16670000",
            "time": 1732291538525,
            "isBuyerMaker": true,
            "isBestMatch": true
        },
        {
            "id": 934690,
            "price": "255.86000000",
            "qty": "1.11400000",
            "quoteQty": "285.02804000",
            "time": 1732291538525,
            "isBuyerMaker": true,
            "isBestMatch": true
        },
        {
            "id": 934691,
            "price": "255.82000000",
            "qty": "0.50000000",
            "quoteQty": "127.91000000",
            "time": 1732291540790,
            "isBuyerMaker": true,
            "isBestMatch": true
        },
        {
            "id": 934692,
            "price": "255.82000000",
            "qty": "0.67900000",
            "quoteQty": "173.70178000",
            "time": 1732291542528,
            "isBuyerMaker": true,
            "isBestMatch": true
        },
        {
            "id": 934693,
            "price": "255.86000000",
            "qty": "1.36800000",
            "quoteQty": "350.01648000",
            "time": 1732291544190,
            "isBuyerMaker": false,
            "isBestMatch": true
        },
        {
            "id": 934694,
            "price": "255.86000000",
            "qty": "0.05900000",
            "quoteQty": "15.09574000",
            "time": 1732291544211,
            "isBuyerMaker": false,
            "isBestMatch": true
        },
        {
            "id": 934695,
            "price": "255.87000000",
            "qty": "1.11400000",
            "quoteQty": "285.03918000",
            "time": 1732291544211,
            "isBuyerMaker": false,
            "isBestMatch": true
        },
        {
            "id": 934696,
            "price": "255.82000000",
            "qty": "0.01400000",
            "quoteQty": "3.58148000",
            "time": 1732291544528,
            "isBuyerMaker": true,
            "isBestMatch": true
        },
        {
            "id": 934697,
            "price": "255.82000000",
            "qty": "1.27800000",
            "quoteQty": "326.93796000",
            "time": 1732291544528,
            "isBuyerMaker": true,
            "isBestMatch": true
        },
        {
            "id": 934698,
            "price": "255.89000000",
            "qty": "1.03600000",
            "quoteQty": "265.10204000",
            "time": 1732291547316,
            "isBuyerMaker": false,
            "isBestMatch": true
        },
        {
            "id": 934699,
            "price": "255.91000000",
            "qty": "0.43000000",
            "quoteQty": "110.04130000",
            "time": 1732291547316,
            "isBuyerMaker": false,
            "isBestMatch": true
        },
        {
            "id": 934700,
            "price": "255.90000000",
            "qty": "1.64200000",
            "quoteQty": "420.18780000",
            "time": 1732291550530,
            "isBuyerMaker": true,
            "isBestMatch": true
        },
        {
            "id": 934701,
            "price": "255.89000000",
            "qty": "0.13400000",
            "quoteQty": "34.28926000",
            "time": 1732291551529,
            "isBuyerMaker": true,
            "isBestMatch": true
        },
        {
            "id": 934702,
            "price": "255.87000000",
            "qty": "1.54400000",
            "quoteQty": "395.06328000",
            "time": 1732291553481,
            "isBuyerMaker": false,
            "isBestMatch": true
        },
        {
            "id": 934703,
            "price": "255.89000000",
            "qty": "1.73900000",
            "quoteQty": "444.99271000",
            "time": 1732291555839,
            "isBuyerMaker": false,
            "isBestMatch": true
        },
        {
            "id": 934704,
            "price": "255.89000000",
            "qty": "0.19600000",
            "quoteQty": "50.15444000",
            "time": 1732291555856,
            "isBuyerMaker": false,
            "isBestMatch": true
        },
        {
            "id": 934705,
            "price": "255.90000000",
            "qty": "1.44600000",
            "quoteQty": "370.03140000",
            "time": 1732291555856,
            "isBuyerMaker": false,
            "isBestMatch": true
        },
        {
            "id": 934706,
            "price": "255.90000000",
            "qty": "0.33300000",
            "quoteQty": "85.21470000",
            "time": 1732291555880,
            "isBuyerMaker": false,
            "isBestMatch": true
        },
        {
            "id": 934707,
            "price": "255.90000000",
            "qty": "0.99600000",
            "quoteQty": "254.87640000",
            "time": 1732291557531,
            "isBuyerMaker": true,
            "isBestMatch": true
        },
        {
            "id": 934708,
            "price": "255.90000000",
            "qty": "1.05300000",
            "quoteQty": "269.46270000",
            "time": 1732291557531,
            "isBuyerMaker": true,
            "isBestMatch": true
        },
        {
            "id": 934709,
            "price": "255.90000000",
            "qty": "1.83700000",
            "quoteQty": "470.08830000",
            "time": 1732291560238,
            "isBuyerMaker": true,
            "isBestMatch": true
        },
        {
            "id": 934710,
            "price": "255.90000000",
            "qty": "2.11500000",
            "quoteQty": "541.22850000",
            "time": 1732291560529,
            "isBuyerMaker": true,
            "isBestMatch": true
        },
        {
            "id": 934711,
            "price": "255.90000000",
            "qty": "1.26500000",
            "quoteQty": "323.71350000",
            "time": 1732291561531,
            "isBuyerMaker": true,
            "isBestMatch": true
        },
        {
            "id": 934712,
            "price": "255.93000000",
            "qty": "1.05500000",
            "quoteQty": "270.00615000",
            "time": 1732291571964,
            "isBuyerMaker": false,
            "isBestMatch": true
        },
        {
            "id": 934713,
            "price": "255.94000000",
            "qty": "0.89900000",
            "quoteQty": "230.09006000",
            "time": 1732291571964,
            "isBuyerMaker": false,
            "isBestMatch": true
        },
        {
            "id": 934714,
            "price": "255.93000000",
            "qty": "1.77800000",
            "quoteQty": "455.04354000",
            "time": 1732291575525,
            "isBuyerMaker": true,
            "isBestMatch": true
        },
        {
            "id": 934715,
            "price": "255.92000000",
            "qty": "1.81700000",
            "quoteQty": "465.00664000",
            "time": 1732291576526,
            "isBuyerMaker": true,
            "isBestMatch": true
        },
        {
            "id": 934716,
            "price": "255.91000000",
            "qty": "1.91500000",
            "quoteQty": "490.06765000",
            "time": 1732291577526,
            "isBuyerMaker": true,
            "isBestMatch": true
        },
        {
            "id": 934717,
            "price": "255.98000000",
            "qty": "1.79800000",
            "quoteQty": "460.25204000",
            "time": 1732291580526,
            "isBuyerMaker": false,
            "isBestMatch": true
        },
        {
            "id": 934718,
            "price": "255.95000000",
            "qty": "0.14900000",
            "quoteQty": "38.13655000",
            "time": 1732291592532,
            "isBuyerMaker": true,
            "isBestMatch": true
        },
        {
            "id": 934719,
            "price": "255.96000000",
            "qty": "1.19200000",
            "quoteQty": "305.10432000",
            "time": 1732291596376,
            "isBuyerMaker": false,
            "isBestMatch": true
        },
        {
            "id": 934720,
            "price": "255.96000000",
            "qty": "0.21500000",
            "quoteQty": "55.03140000",
            "time": 1732291596395,
            "isBuyerMaker": false,
            "isBestMatch": true
        },
        {
            "id": 934721,
            "price": "255.97000000",
            "qty": "1.30900000",
            "quoteQty": "335.06473000",
            "time": 1732291596395,
            "isBuyerMaker": false,
            "isBestMatch": true
        },
        {
            "id": 934722,
            "price": "255.98000000",
            "qty": "0.39100000",
            "quoteQty": "100.08818000",
            "time": 1732291596395,
            "isBuyerMaker": false,
            "isBestMatch": true
        },
        {
            "id": 934723,
            "price": "256.00000000",
            "qty": "1.11400000",
            "quoteQty": "285.18400000",
            "time": 1732291601458,
            "isBuyerMaker": false,
            "isBestMatch": true
        },
        {
            "id": 934724,
            "price": "256.00000000",
            "qty": "0.44900000",
            "quoteQty": "114.94400000",
            "time": 1732291601479,
            "isBuyerMaker": false,
            "isBestMatch": true
        },
        {
            "id": 934725,
            "price": "256.01000000",
            "qty": "1.05500000",
            "quoteQty": "270.09055000",
            "time": 1732291601479,
            "isBuyerMaker": false,
            "isBestMatch": true
        },
        {
            "id": 934726,
            "price": "256.01000000",
            "qty": "0.21500000",
            "quoteQty": "55.04215000",
            "time": 1732291601513,
            "isBuyerMaker": false,
            "isBestMatch": true
        },
        {
            "id": 934727,
            "price": "256.02000000",
            "qty": "1.19200000",
            "quoteQty": "305.17584000",
            "time": 1732291601513,
            "isBuyerMaker": false,
            "isBestMatch": true
        },
        {
            "id": 934728,
            "price": "256.02000000",
            "qty": "0.11700000",
            "quoteQty": "29.95434000",
            "time": 1732291601551,
            "isBuyerMaker": false,
            "isBestMatch": true
        },
        {
            "id": 934729,
            "price": "256.02000000",
            "qty": "0.06900000",
            "quoteQty": "17.66538000",
            "time": 1732291603533,
            "isBuyerMaker": true,
            "isBestMatch": true
        },
        {
            "id": 934730,
            "price": "256.02000000",
            "qty": "0.11500000",
            "quoteQty": "29.44230000",
            "time": 1732291605525,
            "isBuyerMaker": true,
            "isBestMatch": true
        },
        {
            "id": 934731,
            "price": "256.06000000",
            "qty": "1.17200000",
            "quoteQty": "300.10232000",
            "time": 1732291606179,
            "isBuyerMaker": false,
            "isBestMatch": true
        },
        {
            "id": 934732,
            "price": "256.02000000",
            "qty": "0.62400000",
            "quoteQty": "159.75648000",
            "time": 1732291612573,
            "isBuyerMaker": false,
            "isBestMatch": true
        },
        {
            "id": 934733,
            "price": "256.02000000",
            "qty": "0.50900000",
            "quoteQty": "130.31418000",
            "time": 1732291614356,
            "isBuyerMaker": false,
            "isBestMatch": true
        },
        {
            "id": 934734,
            "price": "256.06000000",
            "qty": "1.01600000",
            "quoteQty": "260.15696000",
            "time": 1732291617055,
            "isBuyerMaker": false,
            "isBestMatch": true
        },
        {
            "id": 934735,
            "price": "256.05000000",
            "qty": "0.89700000",
            "quoteQty": "229.67685000",
            "time": 1732291620527,
            "isBuyerMaker": true,
            "isBestMatch": true
        },
        {
            "id": 934736,
            "price": "256.04000000",
            "qty": "1.09400000",
            "quoteQty": "280.10776000",
            "time": 1732291621527,
            "isBuyerMaker": true,
            "isBestMatch": true
        },
        {
            "id": 934737,
            "price": "256.07000000",
            "qty": "1.07400000",
            "quoteQty": "275.01918000",
            "time": 1732291621920,
            "isBuyerMaker": false,
            "isBestMatch": true
        },
        {
            "id": 934738,
            "price": "256.03000000",
            "qty": "0.19900000",
            "quoteQty": "50.94997000",
            "time": 1732291622531,
            "isBuyerMaker": true,
            "isBestMatch": true
        },
        {
            "id": 934739,
            "price": "256.10000000",
            "qty": "1.24300000",
            "quoteQty": "318.33230000",
            "time": 1732291626528,
            "isBuyerMaker": true,
            "isBestMatch": true
        },
        {
            "id": 934740,
            "price": "256.12000000",
            "qty": "1.01600000",
            "quoteQty": "260.21792000",
            "time": 1732291634068,
            "isBuyerMaker": false,
            "isBestMatch": true
        },
        {
            "id": 934741,
            "price": "256.10000000",
            "qty": "0.06100000",
            "quoteQty": "15.62210000",
            "time": 1732291635528,
            "isBuyerMaker": true,
            "isBestMatch": true
        },
        {
            "id": 934742,
            "price": "256.12000000",
            "qty": "1.21100000",
            "quoteQty": "310.16132000",
            "time": 1732291636527,
            "isBuyerMaker": true,
            "isBestMatch": true
        },
        {
            "id": 934743,
            "price": "256.14000000",
            "qty": "1.40600000",
            "quoteQty": "360.13284000",
            "time": 1732291641075,
            "isBuyerMaker": false,
            "isBestMatch": true
        },
        {
            "id": 934744,
            "price": "256.15000000",
            "qty": "0.46800000",
            "quoteQty": "119.87820000",
            "time": 1732291641075,
            "isBuyerMaker": false,
            "isBestMatch": true
        },
        {
            "id": 934745,
            "price": "256.16000000",
            "qty": "1.36500000",
            "quoteQty": "349.65840000",
            "time": 1732291644532,
            "isBuyerMaker": true,
            "isBestMatch": true
        },
        {
            "id": 934746,
            "price": "256.16000000",
            "qty": "0.06100000",
            "quoteQty": "15.62576000",
            "time": 1732291645527,
            "isBuyerMaker": true,
            "isBestMatch": true
        },
        {
            "id": 934747,
            "price": "256.16000000",
            "qty": "0.52600000",
            "quoteQty": "134.74016000",
            "time": 1732291646526,
            "isBuyerMaker": true,
            "isBestMatch": true
        },
        {
            "id": 934748,
            "price": "256.15000000",
            "qty": "1.32400000",
            "quoteQty": "339.14260000",
            "time": 1732291648525,
            "isBuyerMaker": true,
            "isBestMatch": true
        },
        {
            "id": 934749,
            "price": "256.15000000",
            "qty": "0.51100000",
            "quoteQty": "130.89265000",
            "time": 1732291649522,
            "isBuyerMaker": true,
            "isBestMatch": true
        },
        {
            "id": 934750,
            "price": "256.14000000",
            "qty": "1.19300000",
            "quoteQty": "305.57502000",
            "time": 1732291651525,
            "isBuyerMaker": true,
            "isBestMatch": true
        },
        {
            "id": 934751,
            "price": "256.14000000",
            "qty": "0.11500000",
            "quoteQty": "29.45610000",
            "time": 1732291654530,
            "isBuyerMaker": true,
            "isBestMatch": true
        },
        {
            "id": 934752,
            "price": "256.11000000",
            "qty": "0.66500000",
            "quoteQty": "170.31315000",
            "time": 1732291655525,
            "isBuyerMaker": true,
            "isBestMatch": true
        },
        {
            "id": 934753,
            "price": "256.11000000",
            "qty": "0.06100000",
            "quoteQty": "15.62271000",
            "time": 1732291656529,
            "isBuyerMaker": true,
            "isBestMatch": true
        },
        {
            "id": 934754,
            "price": "256.17000000",
            "qty": "1.34800000",
            "quoteQty": "345.31716000",
            "time": 1732291657523,
            "isBuyerMaker": true,
            "isBestMatch": true
        },
        {
            "id": 934755,
            "price": "256.19000000",
            "qty": "1.89300000",
            "quoteQty": "484.96767000",
            "time": 1732291660652,
            "isBuyerMaker": false,
            "isBestMatch": true
        },
        {
            "id": 934756,
            "price": "256.19000000",
            "qty": "1.38600000",
            "quoteQty": "355.07934000",
            "time": 1732291662683,
            "isBuyerMaker": false,
            "isBestMatch": true
        },
        {
            "id": 934757,
            "price": "256.19000000",
            "qty": "1.87400000",
            "quoteQty": "480.10006000",
            "time": 1732291664253,
            "isBuyerMaker": false,
            "isBestMatch": true
        },
        {
            "id": 934758,
            "price": "256.19000000",
            "qty": "1.42500000",
            "quoteQty": "365.07075000",
            "time": 1732291664274,
            "isBuyerMaker": false,
            "isBestMatch": true
        },
        {
            "id": 934759,
            "price": "256.18000000",
            "qty": "0.50800000",
            "quoteQty": "130.13944000",
            "time": 1732291664524,
            "isBuyerMaker": true,
            "isBestMatch": true
        },
        {
            "id": 934760,
            "price": "256.18000000",
            "qty": "1.11200000",
            "quoteQty": "284.87216000",
            "time": 1732291665530,
            "isBuyerMaker": true,
            "isBestMatch": true
        },
        {
            "id": 934761,
            "price": "256.16000000",
            "qty": "0.85400000",
            "quoteQty": "218.76064000",
            "time": 1732291669525,
            "isBuyerMaker": true,
            "isBestMatch": true
        },
        {
            "id": 934762,
            "price": "256.16000000",
            "qty": "0.16200000",
            "quoteQty": "41.49792000",
            "time": 1732291670530,
            "isBuyerMaker": true,
            "isBestMatch": true
        },
        {
            "id": 934763,
            "price": "256.22000000",
            "qty": "1.81500000",
            "quoteQty": "465.03930000",
            "time": 1732291670554,
            "isBuyerMaker": false,
            "isBestMatch": true
        },
        {
            "id": 934764,
            "price": "256.17000000",
            "qty": "0.97600000",
            "quoteQty": "250.02192000",
            "time": 1732291672528,
            "isBuyerMaker": true,
            "isBestMatch": true
        },
        {
            "id": 934765,
            "price": "256.16000000",
            "qty": "0.06100000",
            "quoteQty": "15.62576000",
            "time": 1732291673524,
            "isBuyerMaker": true,
            "isBestMatch": true
        },
        {
            "id": 934766,
            "price": "256.22000000",
            "qty": "1.81500000",
            "quoteQty": "465.03930000",
            "time": 1732291674082,
            "isBuyerMaker": false,
            "isBestMatch": true
        },
        {
            "id": 934767,
            "price": "256.22000000",
            "qty": "1.77600000",
            "quoteQty": "455.04672000",
            "time": 1732291674098,
            "isBuyerMaker": false,
            "isBestMatch": true
        },
        {
            "id": 934768,
            "price": "256.21000000",
            "qty": "1.28900000",
            "quoteQty": "330.25469000",
            "time": 1732291676529,
            "isBuyerMaker": true,
            "isBestMatch": true
        },
        {
            "id": 934769,
            "price": "256.22000000",
            "qty": "1.69800000",
            "quoteQty": "435.06156000",
            "time": 1732291677842,
            "isBuyerMaker": false,
            "isBestMatch": true
        },
        {
            "id": 934770,
            "price": "256.20000000",
            "qty": "0.10400000",
            "quoteQty": "26.64480000",
            "time": 1732291678530,
            "isBuyerMaker": true,
            "isBestMatch": true
        },
        {
            "id": 934771,
            "price": "256.20000000",
            "qty": "0.58500000",
            "quoteQty": "149.87700000",
            "time": 1732291679526,
            "isBuyerMaker": true,
            "isBestMatch": true
        },
        {
            "id": 934772,
            "price": "256.20000000",
            "qty": "0.06100000",
            "quoteQty": "15.62820000",
            "time": 1732291680527,
            "isBuyerMaker": true,
            "isBestMatch": true
        },
        {
            "id": 934773,
            "price": "256.20000000",
            "qty": "0.55700000",
            "quoteQty": "142.70340000",
            "time": 1732291681530,
            "isBuyerMaker": true,
            "isBestMatch": true
        },
        {
            "id": 934774,
            "price": "256.20000000",
            "qty": "0.12300000",
            "quoteQty": "31.51260000",
            "time": 1732291683525,
            "isBuyerMaker": true,
            "isBestMatch": true
        },
        {
            "id": 934775,
            "price": "256.22000000",
            "qty": "1.87400000",
            "quoteQty": "480.15628000",
            "time": 1732291685795,
            "isBuyerMaker": false,
            "isBestMatch": true
        },
        {
            "id": 934776,
            "price": "256.20000000",
            "qty": "0.07300000",
            "quoteQty": "18.70260000",
            "time": 1732291686526,
            "isBuyerMaker": true,
            "isBestMatch": true
        },
        {
            "id": 934777,
            "price": "256.19000000",
            "qty": "0.76600000",
            "quoteQty": "196.24154000",
            "time": 1732291687533,
            "isBuyerMaker": true,
            "isBestMatch": true
        },
        {
            "id": 934778,
            "price": "256.19000000",
            "qty": "1.18600000",
            "quoteQty": "303.84134000",
            "time": 1732291688525,
            "isBuyerMaker": true,
            "isBestMatch": true
        },
        {
            "id": 934779,
            "price": "256.18000000",
            "qty": "0.85700000",
            "quoteQty": "219.54626000",
            "time": 1732291689531,
            "isBuyerMaker": true,
            "isBestMatch": true
        },
        {
            "id": 934780,
            "price": "256.18000000",
            "qty": "0.36200000",
            "quoteQty": "92.73716000",
            "time": 1732291690525,
            "isBuyerMaker": true,
            "isBestMatch": true
        },
        {
            "id": 934781,
            "price": "256.18000000",
            "qty": "0.04700000",
            "quoteQty": "12.04046000",
            "time": 1732291691526,
            "isBuyerMaker": true,
            "isBestMatch": true
        },
        {
            "id": 934782,
            "price": "256.18000000",
            "qty": "0.58900000",
            "quoteQty": "150.89002000",
            "time": 1732291692527,
            "isBuyerMaker": true,
            "isBestMatch": true
        },
        {
            "id": 934783,
            "price": "256.23000000",
            "qty": "1.17100000",
            "quoteQty": "300.04533000",
            "time": 1732291693530,
            "isBuyerMaker": true,
            "isBestMatch": true
        },
        {
            "id": 934784,
            "price": "256.22000000",
            "qty": "0.25600000",
            "quoteQty": "65.59232000",
            "time": 1732291694526,
            "isBuyerMaker": true,
            "isBestMatch": true
        },
        {
            "id": 934785,
            "price": "256.27000000",
            "qty": "1.21000000",
            "quoteQty": "310.08670000",
            "time": 1732291695478,
            "isBuyerMaker": false,
            "isBestMatch": true
        },
        {
            "id": 934786,
            "price": "256.27000000",
            "qty": "0.68300000",
            "quoteQty": "175.03241000",
            "time": 1732291695478,
            "isBuyerMaker": false,
            "isBestMatch": true
        },
        {
            "id": 934787,
            "price": "256.22000000",
            "qty": "1.24200000",
            "quoteQty": "318.22524000",
            "time": 1732291695530,
            "isBuyerMaker": true,
            "isBestMatch": true
        },
        {
            "id": 934788,
            "price": "256.27000000",
            "qty": "1.67800000",
            "quoteQty": "430.02106000",
            "time": 1732291699214,
            "isBuyerMaker": false,
            "isBestMatch": true
        },
        {
            "id": 934789,
            "price": "256.27000000",
            "qty": "1.79500000",
            "quoteQty": "460.00465000",
            "time": 1732291699232,
            "isBuyerMaker": false,
            "isBestMatch": true
        },
        {
            "id": 934790,
            "price": "256.27000000",
            "qty": "1.87300000",
            "quoteQty": "479.99371000",
            "time": 1732291699250,
            "isBuyerMaker": false,
            "isBestMatch": true
        },
        {
            "id": 934791,
            "price": "256.22000000",
            "qty": "0.12200000",
            "quoteQty": "31.25884000",
            "time": 1732291699529,
            "isBuyerMaker": true,
            "isBestMatch": true
        },
        {
            "id": 934792,
            "price": "256.17000000",
            "qty": "1.04900000",
            "quoteQty": "268.72233000",
            "time": 1732291700523,
            "isBuyerMaker": true,
            "isBestMatch": true
        },
        {
            "id": 934793,
            "price": "256.26000000",
            "qty": "1.16100000",
            "quoteQty": "297.51786000",
            "time": 1732291702526,
            "isBuyerMaker": true,
            "isBestMatch": true
        },
        {
            "id": 934794,
            "price": "256.26000000",
            "qty": "0.03900000",
            "quoteQty": "9.99414000",
            "time": 1732291703527,
            "isBuyerMaker": true,
            "isBestMatch": true
        },
        {
            "id": 934795,
            "price": "256.26000000",
            "qty": "0.67400000",
            "quoteQty": "172.71924000",
            "time": 1732291705532,
            "isBuyerMaker": true,
            "isBestMatch": true
        },
        {
            "id": 934796,
            "price": "256.25000000",
            "qty": "0.42600000",
            "quoteQty": "109.16250000",
            "time": 1732291706527,
            "isBuyerMaker": true,
            "isBestMatch": true
        },
        {
            "id": 934797,
            "price": "256.25000000",
            "qty": "0.88200000",
            "quoteQty": "226.01250000",
            "time": 1732291708529,
            "isBuyerMaker": true,
            "isBestMatch": true
        },
        {
            "id": 934798,
            "price": "256.24000000",
            "qty": "1.65900000",
            "quoteQty": "425.10216000",
            "time": 1732291710527,
            "isBuyerMaker": true,
            "isBestMatch": true
        },
        {
            "id": 934799,
            "price": "256.21000000",
            "qty": "1.59000000",
            "quoteQty": "407.37390000",
            "time": 1732291711526,
            "isBuyerMaker": true,
            "isBestMatch": true
        },
        {
            "id": 934800,
            "price": "256.27000000",
            "qty": "1.30700000",
            "quoteQty": "334.94489000",
            "time": 1732291713512,
            "isBuyerMaker": false,
            "isBestMatch": true
        },
        {
            "id": 934801,
            "price": "256.21000000",
            "qty": "0.36200000",
            "quoteQty": "92.74802000",
            "time": 1732291713528,
            "isBuyerMaker": true,
            "isBestMatch": true
        },
        {
            "id": 934802,
            "price": "256.20000000",
            "qty": "1.58100000",
            "quoteQty": "405.05220000",
            "time": 1732291714525,
            "isBuyerMaker": true,
            "isBestMatch": true
        },
        {
            "id": 934803,
            "price": "256.19000000",
            "qty": "1.40600000",
            "quoteQty": "360.20314000",
            "time": 1732291715526,
            "isBuyerMaker": true,
            "isBestMatch": true
        },
        {
            "id": 934804,
            "price": "256.27000000",
            "qty": "1.65800000",
            "quoteQty": "424.89566000",
            "time": 1732291716361,
            "isBuyerMaker": false,
            "isBestMatch": true
        },
        {
            "id": 934805,
            "price": "256.27000000",
            "qty": "1.26800000",
            "quoteQty": "324.95036000",
            "time": 1732291716376,
            "isBuyerMaker": false,
            "isBestMatch": true
        },
        {
            "id": 934806,
            "price": "256.27000000",
            "qty": "1.30700000",
            "quoteQty": "334.94489000",
            "time": 1732291716394,
            "isBuyerMaker": false,
            "isBestMatch": true
        },
        {
            "id": 934807,
            "price": "256.18000000",
            "qty": "1.89400000",
            "quoteQty": "485.20492000",
            "time": 1732291716531,
            "isBuyerMaker": true,
            "isBestMatch": true
        },
        {
            "id": 934808,
            "price": "256.17000000",
            "qty": "0.34100000",
            "quoteQty": "87.35397000",
            "time": 1732291717528,
            "isBuyerMaker": true,
            "isBestMatch": true
        },
        {
            "id": 934809,
            "price": "256.27000000",
            "qty": "1.05400000",
            "quoteQty": "270.10858000",
            "time": 1732291718555,
            "isBuyerMaker": false,
            "isBestMatch": true
        },
        {
            "id": 934810,
            "price": "256.23000000",
            "qty": "1.01500000",
            "quoteQty": "260.07345000",
            "time": 1732291719526,
            "isBuyerMaker": true,
            "isBestMatch": true
        },
        {
            "id": 934811,
            "price": "256.22000000",
            "qty": "1.13200000",
            "quoteQty": "290.04104000",
            "time": 1732291720527,
            "isBuyerMaker": true,
            "isBestMatch": true
        },
        {
            "id": 934812,
            "price": "256.27000000",
            "qty": "1.24900000",
            "quoteQty": "320.08123000",
            "time": 1732291722479,
            "isBuyerMaker": false,
            "isBestMatch": true
        },
        {
            "id": 934813,
            "price": "256.27000000",
            "qty": "1.11300000",
            "quoteQty": "285.22851000",
            "time": 1732291722491,
            "isBuyerMaker": false,
            "isBestMatch": true
        },
        {
            "id": 934814,
            "price": "256.10000000",
            "qty": "0.50000000",
            "quoteQty": "128.05000000",
            "time": 1732291723628,
            "isBuyerMaker": true,
            "isBestMatch": true
        },
        {
            "id": 934815,
            "price": "256.27000000",
            "qty": "1.85300000",
            "quoteQty": "474.86831000",
            "time": 1732291724628,
            "isBuyerMaker": false,
            "isBestMatch": true
        },
        {
            "id": 934816,
            "price": "256.27000000",
            "qty": "1.05400000",
            "quoteQty": "270.10858000",
            "time": 1732291726776,
            "isBuyerMaker": false,
            "isBestMatch": true
        },
        {
            "id": 934817,
            "price": "256.25000000",
            "qty": "0.99600000",
            "quoteQty": "255.22500000",
            "time": 1732291727530,
            "isBuyerMaker": true,
            "isBestMatch": true
        },
        {
            "id": 934818,
            "price": "256.26000000",
            "qty": "1.42500000",
            "quoteQty": "365.17050000",
            "time": 1732291728530,
            "isBuyerMaker": true,
            "isBestMatch": true
        },
        {
            "id": 934819,
            "price": "256.10000000",
            "qty": "0.90900000",
            "quoteQty": "232.79490000",
            "time": 1732291729534,
            "isBuyerMaker": true,
            "isBestMatch": true
        },
        {
            "id": 934820,
            "price": "256.24000000",
            "qty": "1.83300000",
            "quoteQty": "469.68792000",
            "time": 1732291730527,
            "isBuyerMaker": true,
            "isBestMatch": true
        },
        {
            "id": 934821,
            "price": "256.27000000",
            "qty": "1.81400000",
            "quoteQty": "464.87378000",
            "time": 1732291731823,
            "isBuyerMaker": false,
            "isBestMatch": true
        },
        {
            "id": 934822,
            "price": "256.24000000",
            "qty": "0.04100000",
            "quoteQty": "10.50584000",
            "time": 1732291732527,
            "isBuyerMaker": true,
            "isBestMatch": true
        },
        {
            "id": 934823,
            "price": "256.21000000",
            "qty": "0.97600000",
            "quoteQty": "250.06096000",
            "time": 1732291733532,
            "isBuyerMaker": true,
            "isBestMatch": true
        },
        {
            "id": 934824,
            "price": "256.27000000",
            "qty": "1.69700000",
            "quoteQty": "434.89019000",
            "time": 1732291733787,
            "isBuyerMaker": false,
            "isBestMatch": true
        },
        {
            "id": 934825,
            "price": "256.27000000",
            "qty": "1.85300000",
            "quoteQty": "474.86831000",
            "time": 1732291735865,
            "isBuyerMaker": false,
            "isBestMatch": true
        },
        {
            "id": 934826,
            "price": "256.20000000",
            "qty": "1.15200000",
            "quoteQty": "295.14240000",
            "time": 1732291739531,
            "isBuyerMaker": true,
            "isBestMatch": true
        },
        {
            "id": 934827,
            "price": "255.99000000",
            "qty": "0.99600000",
            "quoteQty": "254.96604000",
            "time": 1732291740529,
            "isBuyerMaker": true,
            "isBestMatch": true
        },
        {
            "id": 934828,
            "price": "256.27000000",
            "qty": "1.62000000",
            "quoteQty": "415.15740000",
            "time": 1732291740813,
            "isBuyerMaker": false,
            "isBestMatch": true
        },
        {
            "id": 934829,
            "price": "256.27000000",
            "qty": "1.58100000",
            "quoteQty": "405.16287000",
            "time": 1732291740821,
            "isBuyerMaker": false,
            "isBestMatch": true
        },
        {
            "id": 934830,
            "price": "255.99000000",
            "qty": "0.30000000",
            "quoteQty": "76.79700000",
            "time": 1732291741530,
            "isBuyerMaker": true,
            "isBestMatch": true
        },
        {
            "id": 934831,
            "price": "255.99000000",
            "qty": "0.75500000",
            "quoteQty": "193.27245000",
            "time": 1732291742526,
            "isBuyerMaker": true,
            "isBestMatch": true
        },
        {
            "id": 934832,
            "price": "256.19000000",
            "qty": "1.60100000",
            "quoteQty": "410.16019000",
            "time": 1732291744527,
            "isBuyerMaker": true,
            "isBestMatch": true
        },
        {
            "id": 934833,
            "price": "255.99000000",
            "qty": "0.09200000",
            "quoteQty": "23.55108000",
            "time": 1732291745525,
            "isBuyerMaker": true,
            "isBestMatch": true
        },
        {
            "id": 934834,
            "price": "256.27000000",
            "qty": "1.09300000",
            "quoteQty": "280.10311000",
            "time": 1732291746264,
            "isBuyerMaker": false,
            "isBestMatch": true
        },
        {
            "id": 934835,
            "price": "256.27000000",
            "qty": "1.44400000",
            "quoteQty": "370.05388000",
            "time": 1732291746271,
            "isBuyerMaker": false,
            "isBestMatch": true
        },
        {
            "id": 934836,
            "price": "256.27000000",
            "qty": "1.19000000",
            "quoteQty": "304.96130000",
            "time": 1732291746284,
            "isBuyerMaker": false,
            "isBestMatch": true
        },
        {
            "id": 934837,
            "price": "256.27000000",
            "qty": "1.91200000",
            "quoteQty": "489.98824000",
            "time": 1732291746301,
            "isBuyerMaker": false,
            "isBestMatch": true
        },
        {
            "id": 934838,
            "price": "256.27000000",
            "qty": "1.95100000",
            "quoteQty": "499.98277000",
            "time": 1732291746317,
            "isBuyerMaker": false,
            "isBestMatch": true
        },
        {
            "id": 934839,
            "price": "256.23000000",
            "qty": "1.56900000",
            "quoteQty": "402.02487000",
            "time": 1732291746533,
            "isBuyerMaker": true,
            "isBestMatch": true
        },
        {
            "id": 934840,
            "price": "256.23000000",
            "qty": "0.34400000",
            "quoteQty": "88.14312000",
            "time": 1732291747527,
            "isBuyerMaker": true,
            "isBestMatch": true
        },
        {
            "id": 934841,
            "price": "256.27000000",
            "qty": "1.07300000",
            "quoteQty": "274.97771000",
            "time": 1732291749027,
            "isBuyerMaker": false,
            "isBestMatch": true
        },
        {
            "id": 934842,
            "price": "256.18000000",
            "qty": "0.19900000",
            "quoteQty": "50.97982000",
            "time": 1732291749525,
            "isBuyerMaker": true,
            "isBestMatch": true
        },
        {
            "id": 934843,
            "price": "256.18000000",
            "qty": "1.48000000",
            "quoteQty": "379.14640000",
            "time": 1732291752531,
            "isBuyerMaker": true,
            "isBestMatch": true
        },
        {
            "id": 934844,
            "price": "256.27000000",
            "qty": "1.95100000",
            "quoteQty": "499.98277000",
            "time": 1732291752942,
            "isBuyerMaker": false,
            "isBestMatch": true
        },
        {
            "id": 934845,
            "price": "256.22000000",
            "qty": "1.79600000",
            "quoteQty": "460.17112000",
            "time": 1732291754523,
            "isBuyerMaker": true,
            "isBestMatch": true
        },
        {
            "id": 934846,
            "price": "256.27000000",
            "qty": "1.28800000",
            "quoteQty": "330.07576000",
            "time": 1732291754748,
            "isBuyerMaker": false,
            "isBestMatch": true
        },
        {
            "id": 934847,
            "price": "256.10000000",
            "qty": "1.34800000",
            "quoteQty": "345.22280000",
            "time": 1732291755528,
            "isBuyerMaker": true,
            "isBestMatch": true
        },
        {
            "id": 934848,
            "price": "256.27000000",
            "qty": "1.60000000",
            "quoteQty": "410.03200000",
            "time": 1732291756209,
            "isBuyerMaker": false,
            "isBestMatch": true
        },
        {
            "id": 934849,
            "price": "256.27000000",
            "qty": "0.97600000",
            "quoteQty": "250.11952000",
            "time": 1732291756230,
            "isBuyerMaker": false,
            "isBestMatch": true
        },
        {
            "id": 934850,
            "price": "255.99000000",
            "qty": "0.15600000",
            "quoteQty": "39.93444000",
            "time": 1732291756524,
            "isBuyerMaker": true,
            "isBestMatch": true
        },
        {
            "id": 934851,
            "price": "255.99000000",
            "qty": "1.25200000",
            "quoteQty": "320.49948000",
            "time": 1732291757526,
            "isBuyerMaker": true,
            "isBestMatch": true
        },
        {
            "id": 934852,
            "price": "256.27000000",
            "qty": "1.50200000",
            "quoteQty": "384.91754000",
            "time": 1732291757763,
            "isBuyerMaker": false,
            "isBestMatch": true
        },
        {
            "id": 934853,
            "price": "256.27000000",
            "qty": "1.52200000",
            "quoteQty": "390.04294000",
            "time": 1732291757780,
            "isBuyerMaker": false,
            "isBestMatch": true
        },
        {
            "id": 934854,
            "price": "256.26000000",
            "qty": "0.03700000",
            "quoteQty": "9.48162000",
            "time": 1732291758527,
            "isBuyerMaker": true,
            "isBestMatch": true
        },
        {
            "id": 934855,
            "price": "256.26000000",
            "qty": "1.46600000",
            "quoteQty": "375.67716000",
            "time": 1732291759524,
            "isBuyerMaker": true,
            "isBestMatch": true
        },
        {
            "id": 934856,
            "price": "256.27000000",
            "qty": "1.77500000",
            "quoteQty": "454.87925000",
            "time": 1732291760733,
            "isBuyerMaker": false,
            "isBestMatch": true
        },
        {
            "id": 934857,
            "price": "256.27000000",
            "qty": "1.81400000",
            "quoteQty": "464.87378000",
            "time": 1732291760742,
            "isBuyerMaker": false,
            "isBestMatch": true
        },
        {
            "id": 934858,
            "price": "256.27000000",
            "qty": "1.63900000",
            "quoteQty": "420.02653000",
            "time": 1732291762655,
            "isBuyerMaker": false,
            "isBestMatch": true
        },
        {
            "id": 934859,
            "price": "256.27000000",
            "qty": "1.56100000",
            "quoteQty": "400.03747000",
            "time": 1732291762671,
            "isBuyerMaker": false,
            "isBestMatch": true
        },
        {
            "id": 934860,
            "price": "256.27000000",
            "qty": "1.48300000",
            "quoteQty": "380.04841000",
            "time": 1732291767260,
            "isBuyerMaker": false,
            "isBestMatch": true
        },
        {
            "id": 934861,
            "price": "256.27000000",
            "qty": "1.01500000",
            "quoteQty": "260.11405000",
            "time": 1732291767280,
            "isBuyerMaker": false,
            "isBestMatch": true
        },
        {
            "id": 934862,
            "price": "256.27000000",
            "qty": "1.50200000",
            "quoteQty": "384.91754000",
            "time": 1732291769091,
            "isBuyerMaker": false,
            "isBestMatch": true
        },
        {
            "id": 934863,
            "price": "256.27000000",
            "qty": "1.44400000",
            "quoteQty": "370.05388000",
            "time": 1732291769104,
            "isBuyerMaker": false,
            "isBestMatch": true
        },
        {
            "id": 934864,
            "price": "255.98000000",
            "qty": "2.71200000",
            "quoteQty": "694.21776000",
            "time": 1732291769527,
            "isBuyerMaker": true,
            "isBestMatch": true
        },
        {
            "id": 934865,
            "price": "255.98000000",
            "qty": "0.75600000",
            "quoteQty": "193.52088000",
            "time": 1732291771528,
            "isBuyerMaker": true,
            "isBestMatch": true
        },
        {
            "id": 934866,
            "price": "256.27000000",
            "qty": "1.19000000",
            "quoteQty": "304.96130000",
            "time": 1732291771958,
            "isBuyerMaker": false,
            "isBestMatch": true
        },
        {
            "id": 934867,
            "price": "256.27000000",
            "qty": "1.17100000",
            "quoteQty": "300.09217000",
            "time": 1732291771967,
            "isBuyerMaker": false,
            "isBestMatch": true
        },
        {
            "id": 934868,
            "price": "256.27000000",
            "qty": "1.40500000",
            "quoteQty": "360.05935000",
            "time": 1732291771976,
            "isBuyerMaker": false,
            "isBestMatch": true
        },
        {
            "id": 934869,
            "price": "256.26000000",
            "qty": "0.50000000",
            "quoteQty": "128.13000000",
            "time": 1732291772529,
            "isBuyerMaker": true,
            "isBestMatch": true
        },
        {
            "id": 934870,
            "price": "256.26000000",
            "qty": "1.00100000",
            "quoteQty": "256.51626000",
            "time": 1732291773529,
            "isBuyerMaker": true,
            "isBestMatch": true
        },
        {
            "id": 934871,
            "price": "256.35000000",
            "qty": "1.15100000",
            "quoteQty": "295.05885000",
            "time": 1732291774120,
            "isBuyerMaker": false,
            "isBestMatch": true
        },
        {
            "id": 934872,
            "price": "256.26000000",
            "qty": "0.37300000",
            "quoteQty": "95.58498000",
            "time": 1732291775530,
            "isBuyerMaker": true,
            "isBestMatch": true
        },
        {
            "id": 934873,
            "price": "256.25000000",
            "qty": "0.58900000",
            "quoteQty": "150.93125000",
            "time": 1732291776531,
            "isBuyerMaker": true,
            "isBestMatch": true
        },
        {
            "id": 934874,
            "price": "256.25000000",
            "qty": "0.69900000",
            "quoteQty": "179.11875000",
            "time": 1732291778525,
            "isBuyerMaker": true,
            "isBestMatch": true
        },
        {
            "id": 934875,
            "price": "256.24000000",
            "qty": "0.77800000",
            "quoteQty": "199.35472000",
            "time": 1732291779532,
            "isBuyerMaker": true,
            "isBestMatch": true
        },
        {
            "id": 934876,
            "price": "256.35000000",
            "qty": "1.21000000",
            "quoteQty": "310.18350000",
            "time": 1732291779696,
            "isBuyerMaker": false,
            "isBestMatch": true
        },
        {
            "id": 934877,
            "price": "256.24000000",
            "qty": "0.20100000",
            "quoteQty": "51.50424000",
            "time": 1732291781530,
            "isBuyerMaker": true,
            "isBestMatch": true
        },
        {
            "id": 934878,
            "price": "256.34000000",
            "qty": "1.34400000",
            "quoteQty": "344.52096000",
            "time": 1732291782524,
            "isBuyerMaker": true,
            "isBestMatch": true
        },
        {
            "id": 934879,
            "price": "256.34000000",
            "qty": "0.35300000",
            "quoteQty": "90.48802000",
            "time": 1732291783525,
            "isBuyerMaker": true,
            "isBestMatch": true
        },
        {
            "id": 934880,
            "price": "256.31000000",
            "qty": "1.38500000",
            "quoteQty": "354.98935000",
            "time": 1732291784529,
            "isBuyerMaker": true,
            "isBestMatch": true
        },
        {
            "id": 934881,
            "price": "256.31000000",
            "qty": "0.07900000",
            "quoteQty": "20.24849000",
            "time": 1732291785526,
            "isBuyerMaker": true,
            "isBestMatch": true
        },
        {
            "id": 934882,
            "price": "256.28000000",
            "qty": "0.82800000",
            "quoteQty": "212.19984000",
            "time": 1732291786530,
            "isBuyerMaker": true,
            "isBestMatch": true
        },
        {
            "id": 934883,
            "price": "256.29000000",
            "qty": "0.53400000",
            "quoteQty": "136.85886000",
            "time": 1732291787528,
            "isBuyerMaker": true,
            "isBestMatch": true
        },
        {
            "id": 934884,
            "price": "256.33000000",
            "qty": "0.78100000",
            "quoteQty": "200.19373000",
            "time": 1732291788527,
            "isBuyerMaker": true,
            "isBestMatch": true
        },
        {
            "id": 934885,
            "price": "256.33000000",
            "qty": "0.98900000",
            "quoteQty": "253.51037000",
            "time": 1732291789525,
            "isBuyerMaker": true,
            "isBestMatch": true
        },
        {
            "id": 934886,
            "price": "256.33000000",
            "qty": "0.14200000",
            "quoteQty": "36.39886000",
            "time": 1732291790530,
            "isBuyerMaker": true,
            "isBestMatch": true
        },
        {
            "id": 934887,
            "price": "256.32000000",
            "qty": "1.81500000",
            "quoteQty": "465.22080000",
            "time": 1732291791531,
            "isBuyerMaker": true,
            "isBestMatch": true
        },
        {
            "id": 934888,
            "price": "256.30000000",
            "qty": "0.05900000",
            "quoteQty": "15.12170000",
            "time": 1732291792528,
            "isBuyerMaker": true,
            "isBestMatch": true
        },
        {
            "id": 934889,
            "price": "256.30000000",
            "qty": "0.64000000",
            "quoteQty": "164.03200000",
            "time": 1732291793526,
            "isBuyerMaker": true,
            "isBestMatch": true
        },
        {
            "id": 934890,
            "price": "256.30000000",
            "qty": "0.23100000",
            "quoteQty": "59.20530000",
            "time": 1732291794530,
            "isBuyerMaker": true,
            "isBestMatch": true
        },
        {
            "id": 934891,
            "price": "256.30000000",
            "qty": "0.07400000",
            "quoteQty": "18.96620000",
            "time": 1732291795527,
            "isBuyerMaker": true,
            "isBestMatch": true
        },
        {
            "id": 934892,
            "price": "256.30000000",
            "qty": "0.83000000",
            "quoteQty": "212.72900000",
            "time": 1732291796531,
            "isBuyerMaker": true,
            "isBestMatch": true
        },
        {
            "id": 934893,
            "price": "256.29000000",
            "qty": "0.63700000",
            "quoteQty": "163.25673000",
            "time": 1732291797527,
            "isBuyerMaker": true,
            "isBestMatch": true
        },
        {
            "id": 934894,
            "price": "256.28000000",
            "qty": "0.48000000",
            "quoteQty": "123.01440000",
            "time": 1732291798058,
            "isBuyerMaker": true,
            "isBestMatch": true
        },
        {
            "id": 934895,
            "price": "256.27000000",
            "qty": "0.02000000",
            "quoteQty": "5.12540000",
            "time": 1732291798058,
            "isBuyerMaker": true,
            "isBestMatch": true
        },
        {
            "id": 934896,
            "price": "256.35000000",
            "qty": "1.28800000",
            "quoteQty": "330.17880000",
            "time": 1732291798491,
            "isBuyerMaker": false,
            "isBestMatch": true
        },
        {
            "id": 934897,
            "price": "256.27000000",
            "qty": "0.63800000",
            "quoteQty": "163.50026000",
            "time": 1732291798528,
            "isBuyerMaker": true,
            "isBestMatch": true
        },
        {
            "id": 934898,
            "price": "256.27000000",
            "qty": "0.35700000",
            "quoteQty": "91.48839000",
            "time": 1732291800524,
            "isBuyerMaker": true,
            "isBestMatch": true
        },
        {
            "id": 934899,
            "price": "256.35000000",
            "qty": "1.75600000",
            "quoteQty": "450.15060000",
            "time": 1732291800781,
            "isBuyerMaker": false,
            "isBestMatch": true
        },
        {
            "id": 934900,
            "price": "256.26000000",
            "qty": "0.72500000",
            "quoteQty": "185.78850000",
            "time": 1732291801533,
            "isBuyerMaker": true,
            "isBestMatch": true
        },
        {
            "id": 934901,
            "price": "256.26000000",
            "qty": "0.77800000",
            "quoteQty": "199.37028000",
            "time": 1732291802530,
            "isBuyerMaker": true,
            "isBestMatch": true
        },
        {
            "id": 934902,
            "price": "256.35000000",
            "qty": "0.55800000",
            "quoteQty": "143.04330000",
            "time": 1732291803524,
            "isBuyerMaker": true,
            "isBestMatch": true
        },
        {
            "id": 934903,
            "price": "256.35000000",
            "qty": "0.68600000",
            "quoteQty": "175.85610000",
            "time": 1732291804528,
            "isBuyerMaker": true,
            "isBestMatch": true
        },
        {
            "id": 934904,
            "price": "256.35000000",
            "qty": "0.20000000",
            "quoteQty": "51.27000000",
            "time": 1732291805523,
            "isBuyerMaker": true,
            "isBestMatch": true
        },
        {
            "id": 934905,
            "price": "256.34000000",
            "qty": "1.46700000",
            "quoteQty": "376.05078000",
            "time": 1732291806534,
            "isBuyerMaker": true,
            "isBestMatch": true
        },
        {
            "id": 934906,
            "price": "256.34000000",
            "qty": "0.07400000",
            "quoteQty": "18.96916000",
            "time": 1732291807534,
            "isBuyerMaker": true,
            "isBestMatch": true
        },
        {
            "id": 934907,
            "price": "256.31000000",
            "qty": "0.51500000",
            "quoteQty": "131.99965000",
            "time": 1732291808529,
            "isBuyerMaker": true,
            "isBestMatch": true
        },
        {
            "id": 934908,
            "price": "256.33000000",
            "qty": "1.91200000",
            "quoteQty": "490.10296000",
            "time": 1732291809529,
            "isBuyerMaker": true,
            "isBestMatch": true
        },
        {
            "id": 934909,
            "price": "256.32000000",
            "qty": "0.10400000",
            "quoteQty": "26.65728000",
            "time": 1732291810528,
            "isBuyerMaker": true,
            "isBestMatch": true
        },
        {
            "id": 934910,
            "price": "256.37000000",
            "qty": "0.03800000",
            "quoteQty": "9.74206000",
            "time": 1732291810530,
            "isBuyerMaker": false,
            "isBestMatch": true
        },
        {
            "id": 934911,
            "price": "256.37000000",
            "qty": "0.03800000",
            "quoteQty": "9.74206000",
            "time": 1732291810770,
            "isBuyerMaker": false,
            "isBestMatch": true
        },
        {
            "id": 934912,
            "price": "256.32000000",
            "qty": "1.37900000",
            "quoteQty": "353.46528000",
            "time": 1732291811530,
            "isBuyerMaker": true,
            "isBestMatch": true
        },
        {
            "id": 934913,
            "price": "256.31000000",
            "qty": "0.63700000",
            "quoteQty": "163.26947000",
            "time": 1732291812528,
            "isBuyerMaker": true,
            "isBestMatch": true
        },
        {
            "id": 934914,
            "price": "256.37000000",
            "qty": "0.03800000",
            "quoteQty": "9.74206000",
            "time": 1732291812842,
            "isBuyerMaker": false,
            "isBestMatch": true
        },
        {
            "id": 934915,
            "price": "256.31000000",
            "qty": "0.72100000",
            "quoteQty": "184.79951000",
            "time": 1732291813526,
            "isBuyerMaker": true,
            "isBestMatch": true
        },
        {
            "id": 934916,
            "price": "256.30000000",
            "qty": "1.01500000",
            "quoteQty": "260.14450000",
            "time": 1732291814525,
            "isBuyerMaker": true,
            "isBestMatch": true
        },
        {
            "id": 934917,
            "price": "256.29000000",
            "qty": "0.82800000",
            "quoteQty": "212.20812000",
            "time": 1732291815529,
            "isBuyerMaker": true,
            "isBestMatch": true
        },
        {
            "id": 934918,
            "price": "256.29000000",
            "qty": "0.74700000",
            "quoteQty": "191.44863000",
            "time": 1732291816526,
            "isBuyerMaker": true,
            "isBestMatch": true
        },
        {
            "id": 934919,
            "price": "256.29000000",
            "qty": "0.16200000",
            "quoteQty": "41.51898000",
            "time": 1732291817521,
            "isBuyerMaker": true,
            "isBestMatch": true
        },
        {
            "id": 934920,
            "price": "256.28000000",
            "qty": "0.50000000",
            "quoteQty": "128.14000000",
            "time": 1732291817624,
            "isBuyerMaker": true,
            "isBestMatch": true
        },
        {
            "id": 934921,
            "price": "256.28000000",
            "qty": "0.65200000",
            "quoteQty": "167.09456000",
            "time": 1732291818530,
            "isBuyerMaker": true,
            "isBestMatch": true
        },
        {
            "id": 934922,
            "price": "256.27000000",
            "qty": "0.40100000",
            "quoteQty": "102.76427000",
            "time": 1732291819530,
            "isBuyerMaker": true,
            "isBestMatch": true
        },
        {
            "id": 934923,
            "price": "256.30000000",
            "qty": "1.50100000",
            "quoteQty": "384.70630000",
            "time": 1732291821532,
            "isBuyerMaker": false,
            "isBestMatch": true
        },
        {
            "id": 934924,
            "price": "256.30000000",
            "qty": "1.44300000",
            "quoteQty": "369.84090000",
            "time": 1732291821539,
            "isBuyerMaker": false,
            "isBestMatch": true
        },
        {
            "id": 934925,
            "price": "256.30000000",
            "qty": "1.46200000",
            "quoteQty": "374.71060000",
            "time": 1732291821565,
            "isBuyerMaker": false,
            "isBestMatch": true
        },
        {
            "id": 934926,
            "price": "256.27000000",
            "qty": "0.31100000",
            "quoteQty": "79.69997000",
            "time": 1732291822522,
            "isBuyerMaker": true,
            "isBestMatch": true
        },
        {
            "id": 934927,
            "price": "256.27000000",
            "qty": "0.60600000",
            "quoteQty": "155.29962000",
            "time": 1732291823529,
            "isBuyerMaker": true,
            "isBestMatch": true
        },
        {
            "id": 934928,
            "price": "256.30000000",
            "qty": "1.73500000",
            "quoteQty": "444.68050000",
            "time": 1732291825522,
            "isBuyerMaker": false,
            "isBestMatch": true
        },
        {
            "id": 934929,
            "price": "256.27000000",
            "qty": "0.39900000",
            "quoteQty": "102.25173000",
            "time": 1732291825532,
            "isBuyerMaker": true,
            "isBestMatch": true
        },
        {
            "id": 934930,
            "price": "256.30000000",
            "qty": "1.83300000",
            "quoteQty": "469.79790000",
            "time": 1732291825537,
            "isBuyerMaker": false,
            "isBestMatch": true
        },
        {
            "id": 934931,
            "price": "256.30000000",
            "qty": "1.46300000",
            "quoteQty": "374.96690000",
            "time": 1732291825556,
            "isBuyerMaker": false,
            "isBestMatch": true
        },
        {
            "id": 934932,
            "price": "256.30000000",
            "qty": "1.01400000",
            "quoteQty": "259.88820000",
            "time": 1732291825577,
            "isBuyerMaker": false,
            "isBestMatch": true
        },
        {
            "id": 934933,
            "price": "256.26000000",
            "qty": "1.19100000",
            "quoteQty": "305.20566000",
            "time": 1732291826528,
            "isBuyerMaker": true,
            "isBestMatch": true
        },
        {
            "id": 934934,
            "price": "256.30000000",
            "qty": "1.09200000",
            "quoteQty": "279.87960000",
            "time": 1732291827239,
            "isBuyerMaker": false,
            "isBestMatch": true
        },
        {
            "id": 934935,
            "price": "256.25000000",
            "qty": "0.28800000",
            "quoteQty": "73.80000000",
            "time": 1732291827530,
            "isBuyerMaker": true,
            "isBestMatch": true
        },
        {
            "id": 934936,
            "price": "256.30000000",
            "qty": "1.69700000",
            "quoteQty": "434.94110000",
            "time": 1732291829128,
            "isBuyerMaker": false,
            "isBestMatch": true
        },
        {
            "id": 934937,
            "price": "256.30000000",
            "qty": "1.36500000",
            "quoteQty": "349.84950000",
            "time": 1732291829142,
            "isBuyerMaker": false,
            "isBestMatch": true
        },
        {
            "id": 934938,
            "price": "256.30000000",
            "qty": "1.38500000",
            "quoteQty": "354.97550000",
            "time": 1732291829157,
            "isBuyerMaker": false,
            "isBestMatch": true
        },
        {
            "id": 934939,
            "price": "256.30000000",
            "qty": "1.60000000",
            "quoteQty": "410.08000000",
            "time": 1732291829177,
            "isBuyerMaker": false,
            "isBestMatch": true
        },
        {
            "id": 934940,
            "price": "256.25000000",
            "qty": "0.10000000",
            "quoteQty": "25.62500000",
            "time": 1732291830528,
            "isBuyerMaker": true,
            "isBestMatch": true
        },
        {
            "id": 934941,
            "price": "256.30000000",
            "qty": "1.94900000",
            "quoteQty": "499.52870000",
            "time": 1732291830718,
            "isBuyerMaker": false,
            "isBestMatch": true
        },
        {
            "id": 934942,
            "price": "256.30000000",
            "qty": "0.99500000",
            "quoteQty": "255.01850000",
            "time": 1732291832418,
            "isBuyerMaker": false,
            "isBestMatch": true
        },
        {
            "id": 934943,
            "price": "256.25000000",
            "qty": "0.90000000",
            "quoteQty": "230.62500000",
            "time": 1732291832525,
            "isBuyerMaker": true,
            "isBestMatch": true
        },
        {
            "id": 934944,
            "price": "256.20000000",
            "qty": "0.39600000",
            "quoteQty": "101.45520000",
            "time": 1732291833526,
            "isBuyerMaker": true,
            "isBestMatch": true
        },
        {
            "id": 934945,
            "price": "256.30000000",
            "qty": "1.60000000",
            "quoteQty": "410.08000000",
            "time": 1732291835742,
            "isBuyerMaker": false,
            "isBestMatch": true
        },
        {
            "id": 934946,
            "price": "256.30000000",
            "qty": "1.58000000",
            "quoteQty": "404.95400000",
            "time": 1732291835752,
            "isBuyerMaker": false,
            "isBestMatch": true
        },
        {
            "id": 934947,
            "price": "256.20000000",
            "qty": "0.96100000",
            "quoteQty": "246.20820000",
            "time": 1732291836526,
            "isBuyerMaker": true,
            "isBestMatch": true
        },
        {
            "id": 934948,
            "price": "256.30000000",
            "qty": "1.15100000",
            "quoteQty": "295.00130000",
            "time": 1732291837324,
            "isBuyerMaker": false,
            "isBestMatch": true
        },
        {
            "id": 934949,
            "price": "256.26000000",
            "qty": "1.50300000",
            "quoteQty": "385.15878000",
            "time": 1732291837526,
            "isBuyerMaker": true,
            "isBestMatch": true
        },
        {
            "id": 934950,
            "price": "256.20000000",
            "qty": "0.17600000",
            "quoteQty": "45.09120000",
            "time": 1732291838531,
            "isBuyerMaker": true,
            "isBestMatch": true
        },
        {
            "id": 934951,
            "price": "256.30000000",
            "qty": "1.05300000",
            "quoteQty": "269.88390000",
            "time": 1732291839344,
            "isBuyerMaker": false,
            "isBestMatch": true
        },
        {
            "id": 934952,
            "price": "256.20000000",
            "qty": "1.40800000",
            "quoteQty": "360.72960000",
            "time": 1732291840527,
            "isBuyerMaker": true,
            "isBestMatch": true
        },
        {
            "id": 934953,
            "price": "256.30000000",
            "qty": "1.05300000",
            "quoteQty": "269.88390000",
            "time": 1732291842027,
            "isBuyerMaker": false,
            "isBestMatch": true
        },
        {
            "id": 934954,
            "price": "256.30000000",
            "qty": "1.17000000",
            "quoteQty": "299.87100000",
            "time": 1732291842043,
            "isBuyerMaker": false,
            "isBestMatch": true
        },
        {
            "id": 934955,
            "price": "256.30000000",
            "qty": "1.79400000",
            "quoteQty": "459.80220000",
            "time": 1732291842061,
            "isBuyerMaker": false,
            "isBestMatch": true
        },
        {
            "id": 934956,
            "price": "256.30000000",
            "qty": "1.17000000",
            "quoteQty": "299.87100000",
            "time": 1732291843787,
            "isBuyerMaker": false,
            "isBestMatch": true
        },
        {
            "id": 934957,
            "price": "256.30000000",
            "qty": "1.05300000",
            "quoteQty": "269.88390000",
            "time": 1732291843803,
            "isBuyerMaker": false,
            "isBestMatch": true
        },
        {
            "id": 934958,
            "price": "256.30000000",
            "qty": "1.75500000",
            "quoteQty": "449.80650000",
            "time": 1732291843814,
            "isBuyerMaker": false,
            "isBestMatch": true
        },
        {
            "id": 934959,
            "price": "256.30000000",
            "qty": "1.95000000",
            "quoteQty": "499.78500000",
            "time": 1732291843830,
            "isBuyerMaker": false,
            "isBestMatch": true
        },
        {
            "id": 934960,
            "price": "256.30000000",
            "qty": "1.50200000",
            "quoteQty": "384.96260000",
            "time": 1732291843848,
            "isBuyerMaker": false,
            "isBestMatch": true
        },
        {
            "id": 934961,
            "price": "256.30000000",
            "qty": "1.46300000",
            "quoteQty": "374.96690000",
            "time": 1732291843870,
            "isBuyerMaker": false,
            "isBestMatch": true
        },
        {
            "id": 934962,
            "price": "256.30000000",
            "qty": "1.11200000",
            "quoteQty": "285.00560000",
            "time": 1732291843887,
            "isBuyerMaker": false,
            "isBestMatch": true
        },
        {
            "id": 934963,
            "price": "256.28000000",
            "qty": "1.79500000",
            "quoteQty": "460.02260000",
            "time": 1732291844530,
            "isBuyerMaker": true,
            "isBestMatch": true
        },
        {
            "id": 934964,
            "price": "256.23000000",
            "qty": "1.13000000",
            "quoteQty": "289.53990000",
            "time": 1732291845527,
            "isBuyerMaker": true,
            "isBestMatch": true
        },
        {
            "id": 934965,
            "price": "256.30000000",
            "qty": "1.69600000",
            "quoteQty": "434.68480000",
            "time": 1732291846197,
            "isBuyerMaker": false,
            "isBestMatch": true
        },
        {
            "id": 934966,
            "price": "256.23000000",
            "qty": "0.31500000",
            "quoteQty": "80.71245000",
            "time": 1732291846531,
            "isBuyerMaker": true,
            "isBestMatch": true
        },
        {
            "id": 934967,
            "price": "256.20000000",
            "qty": "0.07500000",
            "quoteQty": "19.21500000",
            "time": 1732291847529,
            "isBuyerMaker": true,
            "isBestMatch": true
        },
        {
            "id": 934968,
            "price": "256.30000000",
            "qty": "1.03400000",
            "quoteQty": "265.01420000",
            "time": 1732291848081,
            "isBuyerMaker": false,
            "isBestMatch": true
        },
        {
            "id": 934969,
            "price": "256.30000000",
            "qty": "1.69700000",
            "quoteQty": "434.94110000",
            "time": 1732291848102,
            "isBuyerMaker": false,
            "isBestMatch": true
        },
        {
            "id": 934970,
