{
    "data": [
        {
            "id": 140447,
            "price": "5.48300000",
            "qty": "52.00000000",
            "quoteQty": "285.11600000",
            "time": 1732282779457,
            "isBuyerMaker": true,
            "isBestMatch": true
        },
        {
            "id": 140448,
            "price": "5.48300000",
            "qty": "30.08000000",
            "quoteQty": "164.92864000",
            "time": 1732282807628,
            "isBuyerMaker": true,
            "isBestMatch": true
        },
        {
            "id": 140449,
            "price": "5.48200000",
            "qty": "17.37000000",
            "quoteQty": "95.22234000",
            "time": 1732282807628,
            "isBuyerMaker": true,
            "isBestMatch": true
        },
        {
            "id": 140450,
            "price": "5.48200000",
            "qty": "59.40000000",
            "quoteQty": "325.63080000",
            "time": 1732282824411,
            "isBuyerMaker": true,
            "isBestMatch": true
        },
        {
            "id": 140451,
            "price": "5.48200000",
            "qty": "6.23000000",
            "quoteQty": "34.15286000",
            "time": 1732282839784,
            "isBuyerMaker": true,
            "isBestMatch": true
        },
        {
            "id": 140452,
            "price": "5.48100000",
            "qty": "62.22000000",
            "quoteQty": "341.02782000",
            "time": 1732282839784,
            "isBuyerMaker": true,
            "isBestMatch": true
        },
        {
            "id": 140453,
            "price": "5.48100000",
            "qty": "5.29000000",
            "quoteQty": "28.99449000",
            "time": 1732282858081,
            "isBuyerMaker": true,
            "isBestMatch": true
        },
        {
            "id": 140454,
            "price": "5.48000000",
            "qty": "63.23000000",
            "quoteQty": "346.50040000",
            "time": 1732282858081,
            "isBuyerMaker": true,
            "isBestMatch": true
        },
        {
            "id": 140455,
            "price": "5.48000000",
            "qty": "14.33000000",
            "quoteQty": "78.52840000",
            "time": 1732282858102,
            "isBuyerMaker": true,
            "isBestMatch": true
        },
        {
            "id": 140456,
            "price": "5.47900000",
            "qty": "55.09000000",
            "quoteQty": "301.83811000",
            "time": 1732282858102,
            "isBuyerMaker": true,
            "isBestMatch": true
        },
        {
            "id": 140457,
            "price": "5.47900000",
            "qty": "19.75000000",
            "quoteQty": "108.21025000",
            "time": 1732282858119,
            "isBuyerMaker": true,
            "isBestMatch": true
        },
        {
            "id": 140458,
            "price": "5.47800000",
            "qty": "48.75000000",
            "quoteQty": "267.05250000",
            "time": 1732282858119,
            "isBuyerMaker": true,
            "isBestMatch": true
        },
        {
            "id": 140459,
            "price": "5.47800000",
            "qty": "37.97000000",
            "quoteQty": "207.99966000",
            "time": 1732282870064,
            "isBuyerMaker": true,
            "isBestMatch": true
        },
        {
            "id": 140460,
            "price": "5.47600000",
            "qty": "19.56000000",
            "quoteQty": "107.11056000",
            "time": 1732282870064,
            "isBuyerMaker": true,
            "isBestMatch": true
        },
        {
            "id": 140461,
            "price": "5.47700000",
            "qty": "46.56000000",
            "quoteQty": "255.00912000",
            "time": 1732282924670,
            "isBuyerMaker": false,
            "isBestMatch": true
        },
        {
            "id": 140462,
            "price": "5.47700000",
            "qty": "13.70000000",
            "quoteQty": "75.03490000",
            "time": 1732282945020,
            "isBuyerMaker": true,
            "isBestMatch": true
        },
        {
            "id": 140463,
            "price": "5.47500000",
            "qty": "49.45000000",
            "quoteQty": "270.73875000",
            "time": 1732282945020,
            "isBuyerMaker": true,
            "isBestMatch": true
        },
        {
            "id": 140464,
            "price": "5.47500000",
            "qty": "40.05000000",
            "quoteQty": "219.27375000",
            "time": 1732282945039,
            "isBuyerMaker": true,
            "isBestMatch": true
        },
        {
            "id": 140465,
            "price": "5.47400000",
            "qty": "27.66000000",
            "quoteQty": "151.41084000",
            "time": 1732282945039,
            "isBuyerMaker": true,
            "isBestMatch": true
        },
        {
            "id": 140466,
            "price": "5.47400000",
            "qty": "49.98000000",
            "quoteQty": "273.59052000",
            "time": 1732282945054,
            "isBuyerMaker": true,
            "isBestMatch": true
        },
        {
            "id": 140467,
            "price": "5.47300000",
            "qty": "41.50000000",
            "quoteQty": "227.12950000",
            "time": 1732282945054,
            "isBuyerMaker": true,
            "isBestMatch": true
        },
        {
            "id": 140468,
            "price": "5.47300000",
            "qty": "30.68000000",
            "quoteQty": "167.91164000",
            "time": 1732282945069,
            "isBuyerMaker": true,
            "isBestMatch": true
        },
        {
            "id": 140469,
            "price": "5.47200000",
            "qty": "15.97000000",
            "quoteQty": "87.38784000",
            "time": 1732282945069,
            "isBuyerMaker": true,
            "isBestMatch": true
        },
        {
            "id": 140470,
            "price": "5.47200000",
            "qty": "49.82000000",
            "quoteQty": "272.61504000",
            "time": 1732282945086,
            "isBuyerMaker": true,
            "isBestMatch": true
        },
        {
            "id": 140471,
            "price": "5.47100000",
            "qty": "17.85000000",
            "quoteQty": "97.65735000",
            "time": 1732282945086,
            "isBuyerMaker": true,
            "isBestMatch": true
        },
        {
            "id": 140472,
            "price": "5.47100000",
            "qty": "30.59000000",
            "quoteQty": "167.35789000",
            "time": 1732282945103,
            "isBuyerMaker": true,
            "isBestMatch": true
        },
        {
            "id": 140473,
            "price": "5.47000000",
            "qty": "46.21000000",
            "quoteQty": "252.76870000",
            "time": 1732282945103,
            "isBuyerMaker": true,
            "isBestMatch": true
        },
        {
            "id": 140474,
            "price": "5.47000000",
            "qty": "9.55000000",
            "quoteQty": "52.23850000",
            "time": 1732282945125,
            "isBuyerMaker": true,
            "isBestMatch": true
        },
        {
            "id": 140475,
            "price": "5.46900000",
            "qty": "45.72000000",
            "quoteQty": "250.04268000",
            "time": 1732282966545,
            "isBuyerMaker": true,
            "isBestMatch": true
        },
        {
            "id": 140476,
            "price": "5.46800000",
            "qty": "29.40000000",
            "quoteQty": "160.75920000",
            "time": 1732282966545,
            "isBuyerMaker": true,
            "isBestMatch": true
        },
        {
            "id": 140477,
            "price": "5.46800000",
            "qty": "60.22000000",
            "quoteQty": "329.28296000",
            "time": 1732282986181,
            "isBuyerMaker": true,
            "isBestMatch": true
        },
        {
            "id": 140478,
            "price": "5.46700000",
            "qty": "21.27000000",
            "quoteQty": "116.28309000",
            "time": 1732282986181,
            "isBuyerMaker": true,
            "isBestMatch": true
        },
        {
            "id": 140479,
            "price": "5.46700000",
            "qty": "69.28000000",
            "quoteQty": "378.75376000",
            "time": 1732282986206,
            "isBuyerMaker": true,
            "isBestMatch": true
        },
        {
            "id": 140480,
            "price": "5.46600000",
            "qty": "8.54000000",
            "quoteQty": "46.67964000",
            "time": 1732282986206,
            "isBuyerMaker": true,
            "isBestMatch": true
        },
        {
            "id": 140481,
            "price": "5.46600000",
            "qty": "45.77000000",
            "quoteQty": "250.17882000",
            "time": 1732282986218,
            "isBuyerMaker": true,
            "isBestMatch": true
        },
        {
            "id": 140482,
            "price": "5.46600000",
            "qty": "34.43000000",
            "quoteQty": "188.19438000",
            "time": 1732283001875,
            "isBuyerMaker": true,
            "isBestMatch": true
        },
        {
            "id": 140483,
            "price": "5.46100000",
            "qty": "36.20000000",
            "quoteQty": "197.68820000",
            "time": 1732283001875,
            "isBuyerMaker": true,
            "isBestMatch": true
        },
        {
            "id": 140484,
            "price": "5.46100000",
            "qty": "51.70000000",
            "quoteQty": "282.33370000",
            "time": 1732283001886,
            "isBuyerMaker": true,
            "isBestMatch": true
        },
        {
            "id": 140485,
            "price": "5.46000000",
            "qty": "16.17000000",
            "quoteQty": "88.28820000",
            "time": 1732283001886,
            "isBuyerMaker": true,
            "isBestMatch": true
        },
        {
            "id": 140486,
            "price": "5.46000000",
            "qty": "33.29000000",
            "quoteQty": "181.76340000",
            "time": 1732283001905,
            "isBuyerMaker": true,
            "isBestMatch": true
        },
        {
            "id": 140487,
            "price": "5.45900000",
            "qty": "31.82000000",
            "quoteQty": "173.70538000",
            "time": 1732283001905,
            "isBuyerMaker": true,
            "isBestMatch": true
        },
        {
            "id": 140488,
            "price": "5.45900000",
            "qty": "57.03000000",
            "quoteQty": "311.32677000",
            "time": 1732283001921,
            "isBuyerMaker": true,
            "isBestMatch": true
        },
        {
            "id": 140489,
            "price": "5.45800000",
            "qty": "31.90000000",
            "quoteQty": "174.11020000",
            "time": 1732283001921,
            "isBuyerMaker": true,
            "isBestMatch": true
        },
        {
            "id": 140490,
            "price": "5.45800000",
            "qty": "41.39000000",
            "quoteQty": "225.90662000",
            "time": 1732283021393,
            "isBuyerMaker": true,
            "isBestMatch": true
        },
        {
            "id": 140491,
            "price": "5.45700000",
            "qty": "7.28000000",
            "quoteQty": "39.72696000",
            "time": 1732283021393,
            "isBuyerMaker": true,
            "isBestMatch": true
        },
        {
            "id": 140492,
            "price": "5.45700000",
            "qty": "50.53000000",
            "quoteQty": "275.74221000",
            "time": 1732283036923,
            "isBuyerMaker": true,
            "isBestMatch": true
        },
        {
            "id": 140493,
            "price": "5.45700000",
            "qty": "12.75000000",
            "quoteQty": "69.57675000",
            "time": 1732283061138,
            "isBuyerMaker": true,
            "isBestMatch": true
        },
        {
            "id": 140494,
            "price": "5.45600000",
            "qty": "51.42000000",
            "quoteQty": "280.54752000",
            "time": 1732283061138,
            "isBuyerMaker": true,
            "isBestMatch": true
        },
        {
            "id": 140495,
            "price": "5.45600000",
            "qty": "12.73000000",
            "quoteQty": "69.45488000",
            "time": 1732283077070,
            "isBuyerMaker": true,
            "isBestMatch": true
        },
        {
            "id": 140496,
            "price": "5.45600000",
            "qty": "45.01000000",
            "quoteQty": "245.57456000",
            "time": 1732283094723,
            "isBuyerMaker": false,
            "isBestMatch": true
        },
        {
            "id": 140497,
            "price": "5.45700000",
            "qty": "9.03000000",
            "quoteQty": "49.27671000",
            "time": 1732283094723,
            "isBuyerMaker": false,
            "isBestMatch": true
        },
        {
            "id": 140498,
            "price": "5.45700000",
            "qty": "53.28000000",
            "quoteQty": "290.74896000",
            "time": 1732283100326,
            "isBuyerMaker": false,
            "isBestMatch": true
        },
        {
            "id": 140499,
            "price": "5.46000000",
            "qty": "14.49000000",
            "quoteQty": "79.11540000",
            "time": 1732283100326,
            "isBuyerMaker": false,
            "isBestMatch": true
        },
        {
            "id": 140500,
            "price": "5.46000000",
            "qty": "37.71000000",
            "quoteQty": "205.89660000",
            "time": 1732283109618,
            "isBuyerMaker": false,
            "isBestMatch": true
        },
        {
            "id": 140501,
            "price": "5.46100000",
            "qty": "27.30000000",
            "quoteQty": "149.08530000",
            "time": 1732283111210,
            "isBuyerMaker": true,
            "isBestMatch": true
        },
        {
            "id": 140502,
            "price": "5.45800000",
            "qty": "68.71000000",
            "quoteQty": "375.01918000",
            "time": 1732283128390,
            "isBuyerMaker": true,
            "isBestMatch": true
        },
        {
            "id": 140503,
            "price": "5.45700000",
            "qty": "5.66000000",
            "quoteQty": "30.88662000",
            "time": 1732283128390,
            "isBuyerMaker": true,
            "isBestMatch": true
        },
        {
            "id": 140504,
            "price": "5.45700000",
            "qty": "74.36000000",
            "quoteQty": "405.78252000",
            "time": 1732283128407,
            "isBuyerMaker": true,
            "isBestMatch": true
        },
        {
            "id": 140505,
            "price": "5.45700000",
            "qty": "2.45000000",
            "quoteQty": "13.36965000",
            "time": 1732283147114,
            "isBuyerMaker": true,
            "isBestMatch": true
        },
        {
            "id": 140506,
            "price": "5.45600000",
            "qty": "67.82000000",
            "quoteQty": "370.02592000",
            "time": 1732283147114,
            "isBuyerMaker": true,
            "isBestMatch": true
        },
        {
            "id": 140507,
            "price": "5.45500000",
            "qty": "16.91000000",
            "quoteQty": "92.24405000",
            "time": 1732283147114,
            "isBuyerMaker": true,
            "isBestMatch": true
        },
        {
            "id": 140508,
            "price": "5.45500000",
            "qty": "44.51000000",
            "quoteQty": "242.80205000",
            "time": 1732283147131,
            "isBuyerMaker": true,
            "isBestMatch": true
        },
        {
            "id": 140509,
            "price": "5.45000000",
            "qty": "29.81000000",
            "quoteQty": "162.46450000",
            "time": 1732283147131,
            "isBuyerMaker": true,
            "isBestMatch": true
        },
        {
            "id": 140510,
            "price": "5.45000000",
            "qty": "27.08000000",
            "quoteQty": "147.58600000",
            "time": 1732283164370,
            "isBuyerMaker": true,
            "isBestMatch": true
        },
        {
            "id": 140511,
            "price": "5.44900000",
            "qty": "38.15000000",
            "quoteQty": "207.87935000",
            "time": 1732283164370,
            "isBuyerMaker": true,
            "isBestMatch": true
        },
        {
            "id": 140512,
            "price": "5.44900000",
            "qty": "49.60000000",
            "quoteQty": "270.27040000",
            "time": 1732283164381,
            "isBuyerMaker": true,
            "isBestMatch": true
        },
        {
            "id": 140513,
            "price": "5.44900000",
            "qty": "2.18000000",
            "quoteQty": "11.87882000",
            "time": 1732283179680,
            "isBuyerMaker": true,
            "isBestMatch": true
        },
        {
            "id": 140514,
            "price": "5.44800000",
            "qty": "62.41000000",
            "quoteQty": "340.00968000",
            "time": 1732283179680,
            "isBuyerMaker": true,
            "isBestMatch": true
        },
        {
            "id": 140515,
            "price": "5.44800000",
            "qty": "10.67000000",
            "quoteQty": "58.13016000",
            "time": 1732283198146,
            "isBuyerMaker": false,
            "isBestMatch": true
        },
        {
            "id": 140516,
            "price": "5.45100000",
            "qty": "78.31000000",
            "quoteQty": "426.86781000",
            "time": 1732283198146,
            "isBuyerMaker": false,
            "isBestMatch": true
        },
        {
            "id": 140517,
            "price": "5.45100000",
            "qty": "4.25000000",
            "quoteQty": "23.16675000",
            "time": 1732283204119,
            "isBuyerMaker": false,
            "isBestMatch": true
        },
        {
            "id": 140518,
            "price": "5.45200000",
            "qty": "57.78000000",
            "quoteQty": "315.01656000",
            "time": 1732283204119,
            "isBuyerMaker": false,
            "isBestMatch": true
        },
        {
            "id": 140519,
            "price": "5.45300000",
            "qty": "10.40000000",
            "quoteQty": "56.71120000",
            "time": 1732283204119,
            "isBuyerMaker": false,
            "isBestMatch": true
        },
        {
            "id": 140520,
            "price": "5.45300000",
            "qty": "36.37000000",
            "quoteQty": "198.32561000",
            "time": 1732283208541,
            "isBuyerMaker": false,
            "isBestMatch": true
        },
        {
            "id": 140521,
            "price": "5.45400000",
            "qty": "51.34000000",
            "quoteQty": "280.00836000",
            "time": 1732283213639,
            "isBuyerMaker": false,
            "isBestMatch": true
        },
        {
            "id": 140522,
            "price": "5.45500000",
            "qty": "5.47000000",
            "quoteQty": "29.83885000",
            "time": 1732283213639,
            "isBuyerMaker": false,
            "isBestMatch": true
        },
        {
            "id": 140523,
            "price": "5.45500000",
            "qty": "73.36000000",
            "quoteQty": "400.17880000",
            "time": 1732283213659,
            "isBuyerMaker": false,
            "isBestMatch": true
        },
        {
            "id": 140524,
            "price": "5.45600000",
            "qty": "4.54000000",
            "quoteQty": "24.77024000",
            "time": 1732283213659,
            "isBuyerMaker": false,
            "isBestMatch": true
        },
        {
            "id": 140525,
            "price": "5.45600000",
            "qty": "67.80000000",
            "quoteQty": "369.91680000",
            "time": 1732283235418,
            "isBuyerMaker": false,
            "isBestMatch": true
        },
        {
            "id": 140526,
            "price": "5.45600000",
            "qty": "7.39000000",
            "quoteQty": "40.31984000",
            "time": 1732283275651,
            "isBuyerMaker": false,
            "isBestMatch": true
        },
        {
            "id": 140527,
            "price": "5.45700000",
            "qty": "57.62000000",
            "quoteQty": "314.43234000",
            "time": 1732283275651,
            "isBuyerMaker": false,
            "isBestMatch": true
        },
        {
            "id": 140528,
            "price": "5.45700000",
            "qty": "16.60000000",
            "quoteQty": "90.58620000",
            "time": 1732283275668,
            "isBuyerMaker": false,
            "isBestMatch": true
        },
        {
            "id": 140529,
            "price": "5.45800000",
            "qty": "43.84000000",
            "quoteQty": "239.27872000",
            "time": 1732283275668,
            "isBuyerMaker": false,
            "isBestMatch": true
        },
        {
            "id": 140530,
            "price": "5.45800000",
            "qty": "36.78000000",
            "quoteQty": "200.74524000",
            "time": 1732283292427,
            "isBuyerMaker": false,
            "isBestMatch": true
        },
        {
            "id": 140531,
            "price": "5.45900000",
            "qty": "36.35000000",
            "quoteQty": "198.43465000",
            "time": 1732283292427,
            "isBuyerMaker": false,
            "isBestMatch": true
        },
        {
            "id": 140532,
            "price": "5.45900000",
            "qty": "11.28000000",
            "quoteQty": "61.57752000",
            "time": 1732283299108,
            "isBuyerMaker": false,
            "isBestMatch": true
        },
        {
            "id": 140533,
            "price": "5.46000000",
            "qty": "49.46000000",
            "quoteQty": "270.05160000",
            "time": 1732283299108,
            "isBuyerMaker": false,
            "isBestMatch": true
        },
        {
            "id": 140534,
            "price": "5.46100000",
            "qty": "27.03000000",
            "quoteQty": "147.61083000",
            "time": 1732283299108,
            "isBuyerMaker": false,
            "isBestMatch": true
        },
        {
            "id": 140535,
            "price": "5.46100000",
            "qty": "19.67000000",
            "quoteQty": "107.41787000",
            "time": 1732283303972,
            "isBuyerMaker": false,
            "isBestMatch": true
        },
        {
            "id": 140536,
            "price": "5.46200000",
            "qty": "50.72000000",
            "quoteQty": "277.03264000",
            "time": 1732283303972,
            "isBuyerMaker": false,
            "isBestMatch": true
        },
        {
            "id": 140537,
            "price": "5.46200000",
            "qty": "32.59000000",
            "quoteQty": "178.00658000",
            "time": 1732283308611,
            "isBuyerMaker": false,
            "isBestMatch": true
        },
        {
            "id": 140538,
            "price": "5.46300000",
            "qty": "51.26000000",
            "quoteQty": "280.03338000",
            "time": 1732283308611,
            "isBuyerMaker": false,
            "isBestMatch": true
        },
        {
            "id": 140539,
            "price": "5.46400000",
            "qty": "0.23000000",
            "quoteQty": "1.25672000",
            "time": 1732283308611,
            "isBuyerMaker": false,
            "isBestMatch": true
        },
        {
            "id": 140540,
            "price": "5.46400000",
            "qty": "71.15000000",
            "quoteQty": "388.76360000",
            "time": 1732283308631,
            "isBuyerMaker": false,
            "isBestMatch": true
        },
        {
            "id": 140541,
            "price": "5.46500000",
            "qty": "18.47000000",
            "quoteQty": "100.93855000",
            "time": 1732283308631,
            "isBuyerMaker": false,
            "isBestMatch": true
        },
        {
            "id": 140542,
            "price": "5.46500000",
            "qty": "50.31000000",
            "quoteQty": "274.94415000",
            "time": 1732283308660,
            "isBuyerMaker": false,
            "isBestMatch": true
        },
        {
            "id": 140543,
            "price": "5.46500000",
            "qty": "18.14000000",
            "quoteQty": "99.13510000",
            "time": 1732283308677,
            "isBuyerMaker": false,
            "isBestMatch": true
        },
        {
            "id": 140544,
            "price": "5.46600000",
            "qty": "38.58000000",
            "quoteQty": "210.87828000",
            "time": 1732283308677,
            "isBuyerMaker": false,
            "isBestMatch": true
        },
        {
            "id": 140545,
            "price": "5.46800000",
            "qty": "46.62000000",
            "quoteQty": "254.91816000",
            "time": 1732283326403,
            "isBuyerMaker": false,
            "isBestMatch": true
        },
        {
            "id": 140546,
            "price": "5.46800000",
            "qty": "29.28000000",
            "quoteQty": "160.10304000",
            "time": 1732283329616,
            "isBuyerMaker": false,
            "isBestMatch": true
        },
        {
            "id": 140547,
            "price": "5.46900000",
            "qty": "20.98000000",
            "quoteQty": "114.73962000",
            "time": 1732283329616,
            "isBuyerMaker": false,
            "isBestMatch": true
        },
        {
            "id": 140548,
            "price": "5.46900000",
            "qty": "47.59000000",
            "quoteQty": "260.26971000",
            "time": 1732283332731,
            "isBuyerMaker": false,
            "isBestMatch": true
        },
        {
            "id": 140549,
            "price": "5.47000000",
            "qty": "53.02000000",
            "quoteQty": "290.01940000",
            "time": 1732283338188,
            "isBuyerMaker": false,
            "isBestMatch": true
        },
        {
            "id": 140550,
            "price": "5.47100000",
            "qty": "59.41000000",
            "quoteQty": "325.03211000",
            "time": 1732283342539,
            "isBuyerMaker": false,
            "isBestMatch": true
        },
        {
            "id": 140551,
            "price": "5.47200000",
            "qty": "13.69000000",
            "quoteQty": "74.91168000",
            "time": 1732283342539,
            "isBuyerMaker": false,
            "isBestMatch": true
        },
        {
            "id": 140552,
            "price": "5.47200000",
            "qty": "56.66000000",
            "quoteQty": "310.04352000",
            "time": 1732283360882,
            "isBuyerMaker": false,
            "isBestMatch": true
        },
        {
            "id": 140553,
            "price": "5.47300000",
            "qty": "45.68000000",
            "quoteQty": "250.00664000",
            "time": 1732283363219,
            "isBuyerMaker": false,
            "isBestMatch": true
        },
        {
            "id": 140554,
            "price": "5.47400000",
            "qty": "45.68000000",
            "quoteQty": "250.05232000",
            "time": 1732283368702,
            "isBuyerMaker": false,
            "isBestMatch": true
        },
        {
            "id": 140555,
            "price": "5.47500000",
            "qty": "46.58000000",
            "quoteQty": "255.02550000",
            "time": 1732283372983,
            "isBuyerMaker": false,
            "isBestMatch": true
        },
        {
            "id": 140556,
            "price": "5.47600000",
            "qty": "58.44000000",
            "quoteQty": "320.01744000",
            "time": 1732283375492,
            "isBuyerMaker": false,
            "isBestMatch": true
        },
        {
            "id": 140557,
            "price": "5.47800000",
            "qty": "64.81000000",
            "quoteQty": "355.02918000",
            "time": 1732283393136,
            "isBuyerMaker": false,
            "isBestMatch": true
        },
        {
            "id": 140558,
            "price": "5.47900000",
            "qty": "24.61000000",
            "quoteQty": "134.83819000",
            "time": 1732283393136,
            "isBuyerMaker": false,
            "isBestMatch": true
        },
        {
            "id": 140559,
            "price": "5.47900000",
            "qty": "21.02000000",
            "quoteQty": "115.16858000",
            "time": 1732283393152,
            "isBuyerMaker": false,
            "isBestMatch": true
        },
        {
            "id": 140560,
            "price": "5.48100000",
            "qty": "45.62000000",
            "quoteQty": "250.04322000",
            "time": 1732283396845,
            "isBuyerMaker": false,
            "isBestMatch": true
        },
        {
            "id": 140561,
            "price": "5.48200000",
            "qty": "49.26000000",
            "quoteQty": "270.04332000",
            "time": 1732283402576,
            "isBuyerMaker": false,
            "isBestMatch": true
        },
        {
            "id": 140562,
            "price": "5.48300000",
            "qty": "53.81000000",
            "quoteQty": "295.04023000",
            "time": 1732283414417,
            "isBuyerMaker": false,
            "isBestMatch": true
        },
        {
            "id": 140563,
            "price": "5.48400000",
            "qty": "53.80000000",
            "quoteQty": "295.03920000",
            "time": 1732283417641,
            "isBuyerMaker": false,
            "isBestMatch": true
        },
        {
            "id": 140564,
            "price": "5.48500000",
            "qty": "5.46000000",
            "quoteQty": "29.94810000",
            "time": 1732283417641,
            "isBuyerMaker": false,
            "isBestMatch": true
        },
        {
            "id": 140565,
            "price": "5.48500000",
            "qty": "77.49000000",
            "quoteQty": "425.03265000",
            "time": 1732283426138,
            "isBuyerMaker": false,
            "isBestMatch": true
        },
        {
            "id": 140566,
            "price": "5.48600000",
            "qty": "3.59000000",
            "quoteQty": "19.69474000",
            "time": 1732283426138,
            "isBuyerMaker": false,
            "isBestMatch": true
        },
        {
            "id": 140567,
            "price": "5.48600000",
            "qty": "62.87000000",
            "quoteQty": "344.90482000",
            "time": 1732283426155,
            "isBuyerMaker": false,
            "isBestMatch": true
        },
        {
            "id": 140568,
            "price": "5.48600000",
            "qty": "11.01000000",
            "quoteQty": "60.40086000",
            "time": 1732283426168,
            "isBuyerMaker": false,
            "isBestMatch": true
        },
        {
            "id": 140569,
            "price": "5.48700000",
            "qty": "51.03000000",
            "quoteQty": "280.00161000",
            "time": 1732283426168,
            "isBuyerMaker": false,
            "isBestMatch": true
        },
        {
            "id": 140570,
            "price": "5.48800000",
            "qty": "66.51000000",
            "quoteQty": "365.00688000",
            "time": 1732283457870,
            "isBuyerMaker": false,
            "isBestMatch": true
        },
        {
            "id": 140571,
            "price": "5.48900000",
            "qty": "61.95000000",
            "quoteQty": "340.04355000",
            "time": 1732283467696,
            "isBuyerMaker": false,
            "isBestMatch": true
        },
        {
            "id": 140572,
            "price": "5.49000000",
            "qty": "78.33000000",
            "quoteQty": "430.03170000",
            "time": 1732283471724,
            "isBuyerMaker": false,
            "isBestMatch": true
        },
        {
            "id": 140573,
            "price": "5.49000000",
            "qty": "46.45000000",
            "quoteQty": "255.01050000",
            "time": 1732283485073,
            "isBuyerMaker": false,
            "isBestMatch": true
        },
        {
            "id": 140574,
            "price": "5.48800000",
            "qty": "85.65000000",
            "quoteQty": "470.04720000",
            "time": 1732283505505,
            "isBuyerMaker": false,
            "isBestMatch": true
        },
        {
            "id": 140575,
            "price": "5.48900000",
            "qty": "52.84000000",
            "quoteQty": "290.03876000",
            "time": 1732283509508,
            "isBuyerMaker": false,
            "isBestMatch": true
        },
        {
            "id": 140576,
            "price": "5.48800000",
            "qty": "61.05000000",
            "quoteQty": "335.04240000",
            "time": 1732283519089,
            "isBuyerMaker": false,
            "isBestMatch": true
        },
        {
            "id": 140577,
            "price": "5.48900000",
            "qty": "51.02000000",
            "quoteQty": "280.04878000",
            "time": 1732283525339,
            "isBuyerMaker": false,
            "isBestMatch": true
        },
        {
            "id": 140578,
            "price": "5.48700000",
            "qty": "85.66000000",
            "quoteQty": "470.01642000",
            "time": 1732283539515,
            "isBuyerMaker": false,
            "isBestMatch": true
        },
        {
            "id": 140579,
            "price": "5.48600000",
            "qty": "61.98000000",
            "quoteQty": "340.02228000",
            "time": 1732283548977,
            "isBuyerMaker": false,
            "isBestMatch": true
        },
        {
            "id": 140580,
            "price": "5.48600000",
            "qty": "55.60000000",
            "quoteQty": "305.02160000",
            "time": 1732283558260,
            "isBuyerMaker": false,
            "isBestMatch": true
        },
        {
            "id": 140581,
            "price": "5.48700000",
            "qty": "61.97000000",
            "quoteQty": "340.02939000",
            "time": 1732283566921,
            "isBuyerMaker": false,
            "isBestMatch": true
        },
        {
            "id": 140582,
            "price": "5.48800000",
            "qty": "56.49000000",
            "quoteQty": "310.01712000",
            "time": 1732283579105,
            "isBuyerMaker": false,
            "isBestMatch": true
        },
        {
            "id": 140583,
            "price": "5.48800000",
            "qty": "50.98000000",
            "quoteQty": "279.77824000",
            "time": 1732283587542,
            "isBuyerMaker": false,
            "isBestMatch": true
        },
        {
            "id": 140584,
            "price": "5.48800000",
            "qty": "29.20000000",
            "quoteQty": "160.24960000",
            "time": 1732283587553,
            "isBuyerMaker": false,
            "isBestMatch": true
        },
        {
            "id": 140585,
            "price": "5.48900000",
            "qty": "27.25000000",
            "quoteQty": "149.57525000",
            "time": 1732283587553,
            "isBuyerMaker": false,
            "isBestMatch": true
        },
        {
            "id": 140586,
            "price": "5.48900000",
            "qty": "63.85000000",
            "quoteQty": "350.47265000",
            "time": 1732283587569,
            "isBuyerMaker": false,
            "isBestMatch": true
        },
        {
            "id": 140587,
            "price": "5.49100000",
            "qty": "0.81000000",
            "quoteQty": "4.44771000",
            "time": 1732283587569,
            "isBuyerMaker": false,
            "isBestMatch": true
        },
        {
            "id": 140588,
            "price": "5.49400000",
            "qty": "77.36000000",
            "quoteQty": "425.01584000",
            "time": 1732283593975,
            "isBuyerMaker": false,
            "isBestMatch": true
        },
        {
            "id": 140589,
            "price": "5.49500000",
            "qty": "50.05000000",
            "quoteQty": "275.02475000",
            "time": 1732283604686,
            "isBuyerMaker": false,
            "isBestMatch": true
        },
        {
            "id": 140590,
            "price": "5.49600000",
            "qty": "59.14000000",
            "quoteQty": "325.03344000",
            "time": 1732283612392,
            "isBuyerMaker": false,
            "isBestMatch": true
        },
        {
            "id": 140591,
            "price": "5.49500000",
            "qty": "50.96000000",
            "quoteQty": "280.02520000",
            "time": 1732283620316,
            "isBuyerMaker": false,
            "isBestMatch": true
        },
        {
            "id": 140592,
            "price": "5.49400000",
            "qty": "65.53000000",
            "quoteQty": "360.02182000",
            "time": 1732283627175,
            "isBuyerMaker": false,
            "isBestMatch": true
        },
        {
            "id": 140593,
            "price": "5.49500000",
            "qty": "12.73000000",
            "quoteQty": "69.95135000",
            "time": 1732283627175,
            "isBuyerMaker": false,
            "isBestMatch": true
        },
        {
            "id": 140594,
            "price": "5.49600000",
            "qty": "51.86000000",
            "quoteQty": "285.02256000",
            "time": 1732283630568,
            "isBuyerMaker": false,
            "isBestMatch": true
        },
        {
            "id": 140595,
            "price": "5.49700000",
            "qty": "1.81000000",
            "quoteQty": "9.94957000",
            "time": 1732283630568,
            "isBuyerMaker": false,
            "isBestMatch": true
        },
        {
            "id": 140596,
            "price": "5.49700000",
            "qty": "52.76000000",
            "quoteQty": "290.02172000",
            "time": 1732283651680,
            "isBuyerMaker": false,
            "isBestMatch": true
        },
        {
            "id": 140597,
            "price": "5.49600000",
            "qty": "46.39000000",
            "quoteQty": "254.95944000",
            "time": 1732283661179,
            "isBuyerMaker": false,
            "isBestMatch": true
        },
        {
            "id": 140598,
            "price": "5.49800000",
            "qty": "61.85000000",
            "quoteQty": "340.05130000",
            "time": 1732283667369,
            "isBuyerMaker": false,
            "isBestMatch": true
        },
        {
            "id": 140599,
            "price": "5.49900000",
            "qty": "59.11000000",
            "quoteQty": "325.04589000",
            "time": 1732283681807,
            "isBuyerMaker": false,
            "isBestMatch": true
        },
        {
            "id": 140600,
            "price": "5.50000000",
            "qty": "65.46000000",
            "quoteQty": "360.03000000",
            "time": 1732283684767,
            "isBuyerMaker": false,
            "isBestMatch": true
        },
        {
            "id": 140601,
            "price": "5.49700000",
            "qty": "60.04000000",
            "quoteQty": "330.03988000",
            "time": 1732283703652,
            "isBuyerMaker": false,
            "isBestMatch": true
        },
        {
            "id": 140602,
            "price": "5.49600000",
            "qty": "52.77000000",
            "quoteQty": "290.02392000",
            "time": 1732283719024,
            "isBuyerMaker": false,
            "isBestMatch": true
        },
        {
            "id": 140603,
            "price": "5.49100000",
            "qty": "57.37000000",
            "quoteQty": "315.01867000",
            "time": 1732283724569,
            "isBuyerMaker": false,
            "isBestMatch": true
        },
        {
            "id": 140604,
            "price": "5.49200000",
            "qty": "27.30000000",
            "quoteQty": "149.93160000",
            "time": 1732283724569,
            "isBuyerMaker": false,
            "isBestMatch": true
        },
        {
            "id": 140605,
            "price": "5.48700000",
            "qty": "73.82000000",
            "quoteQty": "405.05034000",
            "time": 1732283750114,
            "isBuyerMaker": false,
            "isBestMatch": true
        },
        {
            "id": 140606,
            "price": "5.48800000",
            "qty": "64.69000000",
            "quoteQty": "355.01872000",
            "time": 1732283752898,
            "isBuyerMaker": false,
            "isBestMatch": true
        },
        {
            "id": 140607,
            "price": "5.48800000",
            "qty": "63.77000000",
            "quoteQty": "349.96976000",
            "time": 1732283757564,
            "isBuyerMaker": false,
            "isBestMatch": true
        },
        {
            "id": 140608,
            "price": "5.48900000",
            "qty": "53.75000000",
            "quoteQty": "295.03375000",
            "time": 1732283762883,
            "isBuyerMaker": false,
            "isBestMatch": true
        },
        {
            "id": 140609,
            "price": "5.49000000",
            "qty": "73.78000000",
            "quoteQty": "405.05220000",
            "time": 1732283767317,
            "isBuyerMaker": false,
            "isBestMatch": true
        },
        {
            "id": 140610,
            "price": "5.48800000",
            "qty": "53.76000000",
            "quoteQty": "295.03488000",
            "time": 1732283791241,
            "isBuyerMaker": false,
            "isBestMatch": true
        },
        {
            "id": 140611,
            "price": "5.48400000",
            "qty": "62.92000000",
            "quoteQty": "345.05328000",
            "time": 1732283819935,
            "isBuyerMaker": false,
            "isBestMatch": true
        },
        {
            "id": 140612,
            "price": "5.48400000",
            "qty": "85.71000000",
            "quoteQty": "470.03364000",
            "time": 1732283825442,
            "isBuyerMaker": false,
            "isBestMatch": true
        },
        {
            "id": 140613,
            "price": "5.48200000",
            "qty": "65.66000000",
            "quoteQty": "359.94812000",
            "time": 1732283835331,
            "isBuyerMaker": false,
            "isBestMatch": true
        },
        {
            "id": 140614,
            "price": "5.48200000",
            "qty": "13.70000000",
            "quoteQty": "75.10340000",
            "time": 1732283835350,
            "isBuyerMaker": false,
            "isBestMatch": true
        },
        {
            "id": 140615,
            "price": "5.48200000",
            "qty": "67.50000000",
            "quoteQty": "370.03500000",
            "time": 1732283851377,
            "isBuyerMaker": false,
            "isBestMatch": true
        },
        {
            "id": 140616,
            "price": "5.48200000",
            "qty": "74.80000000",
            "quoteQty": "410.05360000",
            "time": 1732283863189,
            "isBuyerMaker": false,
            "isBestMatch": true
        },
        {
            "id": 140617,
            "price": "5.47900000",
            "qty": "51.11000000",
            "quoteQty": "280.03169000",
            "time": 1732283893003,
            "isBuyerMaker": false,
            "isBestMatch": true
        },
        {
            "id": 140618,
            "price": "5.48000000",
            "qty": "60.22000000",
            "quoteQty": "330.00560000",
            "time": 1732283897122,
            "isBuyerMaker": false,
            "isBestMatch": true
        },
        {
            "id": 140619,
            "price": "5.48000000",
            "qty": "63.87000000",
            "quoteQty": "350.00760000",
            "time": 1732283903984,
            "isBuyerMaker": false,
            "isBestMatch": true
        },
        {
            "id": 140620,
            "price": "5.48100000",
            "qty": "53.82000000",
            "quoteQty": "294.98742000",
            "time": 1732283911347,
            "isBuyerMaker": false,
            "isBestMatch": true
        },
        {
            "id": 140621,
            "price": "5.48300000",
            "qty": "45.60000000",
            "quoteQty": "250.02480000",
            "time": 1732283914704,
            "isBuyerMaker": false,
            "isBestMatch": true
        },
        {
            "id": 140622,
            "price": "5.48300000",
            "qty": "63.83000000",
            "quoteQty": "349.97989000",
            "time": 1732283920760,
            "isBuyerMaker": false,
            "isBestMatch": true
        },
        {
            "id": 140623,
            "price": "5.48300000",
            "qty": "5.48000000",
            "quoteQty": "30.04684000",
            "time": 1732283920773,
            "isBuyerMaker": false,
            "isBestMatch": true
        },
        {
            "id": 140624,
            "price": "5.48400000",
            "qty": "64.73000000",
            "quoteQty": "354.97932000",
            "time": 1732283929159,
            "isBuyerMaker": false,
            "isBestMatch": true
        },
        {
            "id": 140625,
            "price": "5.48400000",
            "qty": "14.60000000",
            "quoteQty": "80.06640000",
            "time": 1732283929174,
            "isBuyerMaker": false,
            "isBestMatch": true
        },
        {
            "id": 140626,
            "price": "5.48700000",
            "qty": "46.48000000",
            "quoteQty": "255.03576000",
            "time": 1732283942300,
            "isBuyerMaker": false,
            "isBestMatch": true
        },
        {
            "id": 140627,
            "price": "5.48800000",
            "qty": "53.76000000",
            "quoteQty": "295.03488000",
            "time": 1732283945448,
            "isBuyerMaker": false,
            "isBestMatch": true
        },
        {
            "id": 140628,
            "price": "5.48900000",
            "qty": "69.23000000",
            "quoteQty": "380.00347000",
            "time": 1732283954009,
            "isBuyerMaker": false,
            "isBestMatch": true
        },
        {
            "id": 140629,
            "price": "5.48200000",
            "qty": "46.52000000",
            "quoteQty": "255.02264000",
            "time": 1732283991047,
            "isBuyerMaker": false,
            "isBestMatch": true
        },
        {
            "id": 140630,
            "price": "5.48200000",
            "qty": "55.64000000",
            "quoteQty": "305.01848000",
            "time": 1732284003379,
            "isBuyerMaker": false,
            "isBestMatch": true
        },
        {
            "id": 140631,
            "price": "5.48300000",
            "qty": "22.79000000",
            "quoteQty": "124.95757000",
            "time": 1732284003379,
            "isBuyerMaker": false,
            "isBestMatch": true
        },
        {
            "id": 140632,
            "price": "5.48200000",
            "qty": "60.20000000",
            "quoteQty": "330.01640000",
            "time": 1732284012002,
            "isBuyerMaker": false,
            "isBestMatch": true
        },
        {
            "id": 140633,
            "price": "5.48300000",
            "qty": "15.49000000",
            "quoteQty": "84.93167000",
            "time": 1732284012002,
            "isBuyerMaker": false,
            "isBestMatch": true
        },
        {
            "id": 140634,
            "price": "5.48300000",
            "qty": "50.16000000",
            "quoteQty": "275.02728000",
            "time": 1732284023418,
            "isBuyerMaker": false,
            "isBestMatch": true
        },
        {
            "id": 140635,
            "price": "5.48400000",
            "qty": "49.24000000",
            "quoteQty": "270.03216000",
            "time": 1732284027751,
            "isBuyerMaker": false,
            "isBestMatch": true
        },
        {
            "id": 140636,
            "price": "5.48500000",
            "qty": "79.31000000",
            "quoteQty": "435.01535000",
            "time": 1732284043240,
            "isBuyerMaker": false,
            "isBestMatch": true
        },
        {
            "id": 140637,
            "price": "5.48600000",
            "qty": "56.51000000",
            "quoteQty": "310.01386000",
            "time": 1732284045145,
            "isBuyerMaker": false,
            "isBestMatch": true
        },
        {
            "id": 140638,
            "price": "5.48700000",
            "qty": "51.95000000",
            "quoteQty": "285.04965000",
            "time": 1732284056313,
            "isBuyerMaker": false,
            "isBestMatch": true
        },
        {
            "id": 140639,
            "price": "5.48800000",
            "qty": "5.44000000",
            "quoteQty": "29.85472000",
            "time": 1732284056313,
            "isBuyerMaker": false,
            "isBestMatch": true
        },
        {
            "id": 140640,
            "price": "5.48900000",
            "qty": "69.23000000",
            "quoteQty": "380.00347000",
            "time": 1732284070303,
            "isBuyerMaker": false,
            "isBestMatch": true
        },
        {
            "id": 140641,
            "price": "5.49000000",
            "qty": "51.01000000",
            "quoteQty": "280.04490000",
            "time": 1732284074920,
            "isBuyerMaker": false,
            "isBestMatch": true
        },
        {
            "id": 140642,
            "price": "5.49000000",
            "qty": "46.45000000",
            "quoteQty": "255.01050000",
            "time": 1732284078388,
            "isBuyerMaker": false,
            "isBestMatch": true
        },
        {
            "id": 140643,
            "price": "5.48900000",
            "qty": "52.84000000",
            "quoteQty": "290.03876000",
            "time": 1732284098931,
            "isBuyerMaker": false,
            "isBestMatch": true
        },
        {
            "id": 140644,
            "price": "5.48000000",
            "qty": "48.36000000",
            "quoteQty": "265.01280000",
            "time": 1732284114468,
            "isBuyerMaker": false,
            "isBestMatch": true
        },
        {
            "id": 140645,
            "price": "5.47600000",
            "qty": "58.43000000",
            "quoteQty": "319.96268000",
            "time": 1732284146855,
            "isBuyerMaker": false,
            "isBestMatch": true
        },
        {
            "id": 140646,
            "price": "5.47600000",
            "qty": "21.01000000",
            "quoteQty": "115.05076000",
            "time": 1732284146872,
            "isBuyerMaker": false,
            "isBestMatch": true
        },
        {
            "id": 140647,
            "price": "5.47800000",
            "qty": "70.29000000",
            "quoteQty": "385.04862000",
            "time": 1732284150597,
            "isBuyerMaker": false,
            "isBestMatch": true
        },
        {
            "id": 140648,
            "price": "5.47900000",
            "qty": "49.28000000",
            "quoteQty": "270.00512000",
            "time": 1732284153723,
            "isBuyerMaker": false,
            "isBestMatch": true
        },
        {
            "id": 140649,
            "price": "5.47300000",
            "qty": "51.17000000",
            "quoteQty": "280.05341000",
            "time": 1732284177835,
            "isBuyerMaker": false,
            "isBestMatch": true
        },
        {
            "id": 140650,
            "price": "5.46300000",
            "qty": "54.92000000",
            "quoteQty": "300.02796000",
            "time": 1732284207172,
            "isBuyerMaker": false,
            "isBestMatch": true
        },
        {
            "id": 140651,
            "price": "5.46400000",
            "qty": "45.76000000",
            "quoteQty": "250.03264000",
            "time": 1732284213339,
            "isBuyerMaker": false,
            "isBestMatch": true
        },
        {
            "id": 140652,
            "price": "5.46500000",
            "qty": "49.41000000",
            "quoteQty": "270.02565000",
            "time": 1732284215463,
            "isBuyerMaker": false,
            "isBestMatch": true
        },
        {
            "id": 140653,
            "price": "5.46600000",
            "qty": "69.53000000",
            "quoteQty": "380.05098000",
            "time": 1732284219758,
            "isBuyerMaker": false,
            "isBestMatch": true
        },
        {
            "id": 140654,
            "price": "5.46700000",
            "qty": "1.81000000",
            "quoteQty": "9.89527000",
            "time": 1732284219758,
            "isBuyerMaker": false,
            "isBestMatch": true
        },
        {
            "id": 140655,
            "price": "5.46700000",
            "qty": "79.57000000",
            "quoteQty": "435.00919000",
            "time": 1732284223665,
            "isBuyerMaker": false,
            "isBestMatch": true
        },
        {
            "id": 140656,
            "price": "5.46800000",
            "qty": "66.76000000",
            "quoteQty": "365.04368000",
            "time": 1732284226014,
            "isBuyerMaker": false,
            "isBestMatch": true
        },
        {
            "id": 140657,
            "price": "5.46900000",
            "qty": "47.55000000",
            "quoteQty": "260.05095000",
            "time": 1732284229900,
            "isBuyerMaker": false,
            "isBestMatch": true
        },
        {
            "id": 140658,
            "price": "5.45200000",
            "qty": "65.12000000",
            "quoteQty": "355.03424000",
            "time": 1732284238274,
            "isBuyerMaker": false,
            "isBestMatch": true
        },
        {
            "id": 140659,
            "price": "5.45200000",
            "qty": "1.77000000",
            "quoteQty": "9.65004000",
            "time": 1732284241529,
            "isBuyerMaker": false,
            "isBestMatch": true
        },
        {
            "id": 140660,
            "price": "5.43600000",
            "qty": "58.87000000",
            "quoteQty": "320.01732000",
            "time": 1732284251767,
            "isBuyerMaker": false,
            "isBestMatch": true
        },
        {
            "id": 140661,
            "price": "5.44000000",
            "qty": "46.88000000",
            "quoteQty": "255.02720000",
            "time": 1732284257194,
            "isBuyerMaker": false,
            "isBestMatch": true
        },
        {
            "id": 140662,
            "price": "5.44100000",
            "qty": "10.10000000",
            "quoteQty": "54.95410000",
            "time": 1732284257194,
            "isBuyerMaker": false,
            "isBestMatch": true
        },
        {
            "id": 140663,
            "price": "5.44200000",
            "qty": "89.08000000",
            "quoteQty": "484.77336000",
            "time": 1732284259720,
            "isBuyerMaker": false,
            "isBestMatch": true
        },
        {
            "id": 140664,
            "price": "5.44200000",
            "qty": "0.05000000",
            "quoteQty": "0.27210000",
            "time": 1732284259727,
            "isBuyerMaker": false,
            "isBestMatch": true
        },
        {
            "id": 140665,
            "price": "5.44300000",
            "qty": "51.39000000",
            "quoteQty": "279.71577000",
            "time": 1732284259727,
            "isBuyerMaker": false,
            "isBestMatch": true
        },
        {
            "id": 140666,
            "price": "5.44300000",
            "qty": "31.29000000",
            "quoteQty": "170.31147000",
            "time": 1732284259742,
            "isBuyerMaker": false,
            "isBestMatch": true
        },
        {
            "id": 140667,
            "price": "5.44600000",
            "qty": "52.34000000",
            "quoteQty": "285.04364000",
            "time": 1732284262125,
            "isBuyerMaker": false,
            "isBestMatch": true
        },
        {
            "id": 140668,
            "price": "5.44700000",
            "qty": "50.49000000",
            "quoteQty": "275.01903000",
            "time": 1732284264528,
            "isBuyerMaker": false,
            "isBestMatch": true
        },
        {
            "id": 140669,
            "price": "5.44800000",
            "qty": "53.24000000",
            "quoteQty": "290.05152000",
            "time": 1732284267404,
            "isBuyerMaker": false,
            "isBestMatch": true
        },
        {
            "id": 140670,
            "price": "5.44600000",
            "qty": "65.18000000",
            "quoteQty": "354.97028000",
            "time": 1732284275334,
            "isBuyerMaker": false,
            "isBestMatch": true
        },
        {
            "id": 140671,
            "price": "5.44600000",
            "qty": "26.64000000",
            "quoteQty": "145.08144000",
            "time": 1732284275350,
            "isBuyerMaker": false,
            "isBestMatch": true
        },
        {
            "id": 140672,
            "price": "5.44800000",
            "qty": "64.25000000",
            "quoteQty": "350.03400000",
            "time": 1732284278066,
            "isBuyerMaker": false,
            "isBestMatch": true
        },
        {
            "id": 140673,
            "price": "5.44900000",
            "qty": "66.07000000",
            "quoteQty": "360.01543000",
            "time": 1732284280368,
            "isBuyerMaker": false,
            "isBestMatch": true
        },
        {
            "id": 140674,
            "price": "5.43700000",
            "qty": "57.90000000",
            "quoteQty": "314.80230000",
            "time": 1732284290775,
            "isBuyerMaker": false,
            "isBestMatch": true
        },
        {
            "id": 140675,
            "price": "5.43700000",
            "qty": "34.07000000",
            "quoteQty": "185.23859000",
            "time": 1732284290794,
            "isBuyerMaker": false,
            "isBestMatch": true
        },
        {
            "id": 140676,
            "price": "5.43800000",
            "qty": "45.90000000",
            "quoteQty": "249.60420000",
            "time": 1732284290794,
            "isBuyerMaker": false,
            "isBestMatch": true
        },
        {
            "id": 140677,
            "price": "5.43800000",
            "qty": "0.08000000",
            "quoteQty": "0.43504000",
            "time": 1732284290811,
            "isBuyerMaker": false,
            "isBestMatch": true
        },
        {
            "id": 140678,
            "price": "5.43900000",
            "qty": "57.84000000",
            "quoteQty": "314.59176000",
            "time": 1732284290811,
            "isBuyerMaker": false,
            "isBestMatch": true
        },
        {
            "id": 140679,
            "price": "5.44200000",
            "qty": "51.46000000",
            "quoteQty": "280.04532000",
            "time": 1732284292892,
            "isBuyerMaker": false,
            "isBestMatch": true
        },
        {
            "id": 140680,
            "price": "5.44300000",
            "qty": "51.45000000",
            "quoteQty": "280.04235000",
            "time": 1732284296964,
            "isBuyerMaker": false,
            "isBestMatch": true
        },
        {
            "id": 140681,
            "price": "5.44400000",
            "qty": "28.46000000",
            "quoteQty": "154.93624000",
            "time": 1732284296964,
            "isBuyerMaker": false,
            "isBestMatch": true
        },
        {
            "id": 140682,
            "price": "5.43400000",
            "qty": "82.79000000",
            "quoteQty": "449.88086000",
            "time": 1732284316738,
            "isBuyerMaker": false,
            "isBestMatch": true
        },
        {
            "id": 140683,
            "price": "5.43200000",
            "qty": "83.74000000",
            "quoteQty": "454.87568000",
            "time": 1732284325817,
            "isBuyerMaker": false,
            "isBestMatch": true
        },
        {
            "id": 140684,
            "price": "5.43200000",
            "qty": "8.31000000",
            "quoteQty": "45.13992000",
            "time": 1732284325823,
            "isBuyerMaker": false,
            "isBestMatch": true
        },
        {
            "id": 140685,
            "price": "5.43500000",
            "qty": "70.84000000",
            "quoteQty": "385.01540000",
            "time": 1732284334321,
            "isBuyerMaker": false,
            "isBestMatch": true
        },
        {
            "id": 140686,
            "price": "5.43600000",
            "qty": "88.31000000",
            "quoteQty": "480.05316000",
            "time": 1732284342941,
            "isBuyerMaker": false,
            "isBestMatch": true
        },
        {
            "id": 140687,
            "price": "5.43700000",
            "qty": "77.25000000",
            "quoteQty": "420.00825000",
            "time": 1732284344764,
            "isBuyerMaker": false,
            "isBestMatch": true
        },
        {
            "id": 140688,
            "price": "5.43600000",
            "qty": "45.99000000",
            "quoteQty": "250.00164000",
            "time": 1732284348895,
            "isBuyerMaker": false,
            "isBestMatch": true
        },
        {
            "id": 140689,
            "price": "5.43700000",
            "qty": "9.19000000",
            "quoteQty": "49.96603000",
            "time": 1732284348895,
            "isBuyerMaker": false,
            "isBestMatch": true
        },
        {
            "id": 140690,
            "price": "5.43700000",
            "qty": "47.82000000",
            "quoteQty": "259.99734000",
            "time": 1732284352741,
            "isBuyerMaker": false,
            "isBestMatch": true
        },
        {
            "id": 140691,
            "price": "5.43800000",
            "qty": "66.21000000",
            "quoteQty": "360.04998000",
            "time": 1732284360892,
            "isBuyerMaker": false,
            "isBestMatch": true
        },
        {
            "id": 140692,
            "price": "5.43800000",
            "qty": "48.74000000",
            "quoteQty": "265.04812000",
            "time": 1732284379562,
            "isBuyerMaker": false,
            "isBestMatch": true
        },
        {
            "id": 140693,
            "price": "5.43100000",
            "qty": "48.80000000",
            "quoteQty": "265.03280000",
            "time": 1732284408129,
            "isBuyerMaker": false,
            "isBestMatch": true
        },
        {
            "id": 140694,
            "price": "5.43200000",
            "qty": "68.12000000",
            "quoteQty": "370.02784000",
            "time": 1732284413464,
            "isBuyerMaker": false,
            "isBestMatch": true
        },
        {
            "id": 140695,
            "price": "5.43200000",
            "qty": "77.32000000",
            "quoteQty": "420.00224000",
            "time": 1732284419848,
            "isBuyerMaker": false,
            "isBestMatch": true
        },
        {
            "id": 140696,
            "price": "5.43300000",
            "qty": "13.78000000",
            "quoteQty": "74.86674000",
            "time": 1732284419848,
            "isBuyerMaker": false,
            "isBestMatch": true
        },
        {
            "id": 140697,
            "price": "5.43300000",
            "qty": "45.12000000",
            "quoteQty": "245.13696000",
            "time": 1732284419864,
            "isBuyerMaker": false,
            "isBestMatch": true
        },
        {
            "id": 140698,
            "price": "5.43500000",
            "qty": "49.65000000",
            "quoteQty": "269.84775000",
            "time": 1732284426818,
            "isBuyerMaker": false,
            "isBestMatch": true
        },
        {
            "id": 140699,
            "price": "5.44000000",
            "qty": "66.17000000",
            "quoteQty": "359.96480000",
            "time": 1732284430213,
            "isBuyerMaker": false,
            "isBestMatch": true
        },
        {
            "id": 140700,
            "price": "5.44000000",
            "qty": "16.56000000",
            "quoteQty": "90.08640000",
            "time": 1732284430236,
            "isBuyerMaker": false,
            "isBestMatch": true
        },
        {
            "id": 140701,
            "price": "5.44100000",
            "qty": "66.17000000",
            "quoteQty": "360.03097000",
            "time": 1732284442438,
            "isBuyerMaker": false,
            "isBestMatch": true
        },
        {
            "id": 140702,
            "price": "5.44200000",
            "qty": "72.59000000",
            "quoteQty": "395.03478000",
            "time": 1732284445671,
            "isBuyerMaker": false,
            "isBestMatch": true
        },
        {
            "id": 140703,
            "price": "5.44100000",
            "qty": "49.63000000",
            "quoteQty": "270.03683000",
            "time": 1732284466355,
            "isBuyerMaker": false,
            "isBestMatch": true
        },
        {
            "id": 140704,
            "price": "5.44200000",
            "qty": "31.21000000",
            "quoteQty": "169.84482000",
            "time": 1732284466355,
            "isBuyerMaker": false,
            "isBestMatch": true
        },
        {
            "id": 140705,
            "price": "5.44200000",
            "qty": "43.22000000",
            "quoteQty": "235.20324000",
            "time": 1732284466377,
            "isBuyerMaker": false,
            "isBestMatch": true
        },
        {
            "id": 140706,
            "price": "5.44400000",
            "qty": "53.27000000",
            "quoteQty": "290.00188000",
            "time": 1732284470013,
            "isBuyerMaker": false,
            "isBestMatch": true
        },
        {
            "id": 140707,
            "price": "5.44500000",
            "qty": "2.74000000",
            "quoteQty": "14.91930000",
            "time": 1732284470013,
            "isBuyerMaker": false,
            "isBestMatch": true
        },
        {
            "id": 140708,
            "price": "5.44700000",
            "qty": "73.44000000",
            "quoteQty": "400.02768000",
            "time": 1732284474224,
            "isBuyerMaker": false,
            "isBestMatch": true
        },
        {
            "id": 140709,
            "price": "5.44300000",
            "qty": "53.27000000",
            "quoteQty": "289.94861000",
            "time": 1732284493954,
            "isBuyerMaker": false,
            "isBestMatch": true
        },
        {
            "id": 140710,
            "price": "5.44500000",
            "qty": "62.45000000",
            "quoteQty": "340.04025000",
            "time": 1732284496574,
            "isBuyerMaker": false,
            "isBestMatch": true
        },
        {
            "id": 140711,
            "price": "5.44100000",
            "qty": "56.98000000",
            "quoteQty": "310.02818000",
            "time": 1732284504026,
            "isBuyerMaker": false,
            "isBestMatch": true
        },
        {
            "id": 140712,
            "price": "5.44200000",
            "qty": "77.17000000",
            "quoteQty": "419.95914000",
            "time": 1732284508707,
            "isBuyerMaker": false,
            "isBestMatch": true
        },
        {
            "id": 140713,
            "price": "5.44200000",
            "qty": "10.12000000",
            "quoteQty": "55.07304000",
            "time": 1732284508719,
            "isBuyerMaker": false,
            "isBestMatch": true
        },
        {
            "id": 140714,
            "price": "5.44300000",
            "qty": "67.98000000",
            "quoteQty": "370.01514000",
            "time": 1732284514402,
            "isBuyerMaker": false,
            "isBestMatch": true
        },
        {
            "id": 140715,
            "price": "5.44200000",
            "qty": "75.34000000",
            "quoteQty": "410.00028000",
            "time": 1732284532660,
            "isBuyerMaker": false,
            "isBestMatch": true
        },
        {
            "id": 140716,
            "price": "5.44300000",
            "qty": "47.77000000",
            "quoteQty": "260.01211000",
            "time": 1732284535099,
            "isBuyerMaker": false,
            "isBestMatch": true
        },
        {
            "id": 140717,
            "price": "5.44400000",
            "qty": "45.91000000",
            "quoteQty": "249.93404000",
            "time": 1732284537909,
            "isBuyerMaker": false,
            "isBestMatch": true
        },
        {
            "id": 140718,
            "price": "5.44700000",
            "qty": "56.00000000",
            "quoteQty": "305.03200000",
            "time": 1732284542130,
            "isBuyerMaker": false,
            "isBestMatch": true
        },
        {
            "id": 140719,
            "price": "5.44100000",
            "qty": "56.98000000",
            "quoteQty": "310.02818000",
            "time": 1732284569360,
            "isBuyerMaker": false,
            "isBestMatch": true
        },
        {
            "id": 140720,
            "price": "5.43900000",
            "qty": "49.65000000",
            "quoteQty": "270.04635000",
            "time": 1732284588503,
            "isBuyerMaker": false,
            "isBestMatch": true
        },
        {
            "id": 140721,
            "price": "5.44000000",
            "qty": "45.96000000",
            "quoteQty": "250.02240000",
            "time": 1732284591903,
            "isBuyerMaker": false,
            "isBestMatch": true
        },
        {
            "id": 140722,
            "price": "5.44100000",
            "qty": "27.56000000",
            "quoteQty": "149.95396000",
            "time": 1732284591903,
            "isBuyerMaker": false,
            "isBestMatch": true
        },
        {
            "id": 140723,
            "price": "5.43500000",
            "qty": "62.56000000",
            "quoteQty": "340.01360000",
            "time": 1732284619035,
            "isBuyerMaker": false,
            "isBestMatch": true
        },
        {
            "id": 140724,
            "price": "5.43600000",
            "qty": "5.50000000",
            "quoteQty": "29.89800000",
            "time": 1732284619035,
            "isBuyerMaker": false,
            "isBestMatch": true
        },
        {
            "id": 140725,
            "price": "5.43600000",
            "qty": "80.03000000",
            "quoteQty": "435.04308000",
            "time": 1732284619056,
            "isBuyerMaker": false,
            "isBestMatch": true
        },
        {
            "id": 140726,
            "price": "5.43800000",
            "qty": "71.72000000",
            "quoteQty": "390.01336000",
            "time": 1732284627873,
            "isBuyerMaker": false,
            "isBestMatch": true
        },
        {
            "id": 140727,
            "price": "5.43900000",
            "qty": "58.84000000",
            "quoteQty": "320.03076000",
            "time": 1732284637477,
            "isBuyerMaker": false,
            "isBestMatch": true
        },
        {
            "id": 140728,
            "price": "5.43600000",
            "qty": "54.27000000",
            "quoteQty": "295.01172000",
            "time": 1732284651613,
            "isBuyerMaker": false,
            "isBestMatch": true
        },
        {
            "id": 140729,
            "price": "5.43700000",
            "qty": "50.58000000",
            "quoteQty": "275.00346000",
            "time": 1732284664262,
            "isBuyerMaker": false,
            "isBestMatch": true
        },
        {
            "id": 140730,
            "price": "5.43800000",
            "qty": "73.56000000",
            "quoteQty": "400.01928000",
            "time": 1732284666288,
            "isBuyerMaker": false,
            "isBestMatch": true
        },
        {
            "id": 140731,
            "price": "5.43900000",
            "qty": "13.78000000",
            "quoteQty": "74.94942000",
            "time": 1732284666288,
            "isBuyerMaker": false,
            "isBestMatch": true
        },
        {
            "id": 140732,
            "price": "5.44000000",
            "qty": "51.48000000",
            "quoteQty": "280.05120000",
            "time": 1732284668706,
            "isBuyerMaker": false,
            "isBestMatch": true
        },
        {
            "id": 140733,
            "price": "5.44100000",
            "qty": "46.87000000",
            "quoteQty": "255.01967000",
            "time": 1732284673916,
            "isBuyerMaker": false,
            "isBestMatch": true
        },
        {
            "id": 140734,
            "price": "5.44200000",
            "qty": "63.40000000",
            "quoteQty": "345.02280000",
            "time": 1732284687261,
            "isBuyerMaker": false,
            "isBestMatch": true
        },
        {
            "id": 140735,
            "price": "5.44300000",
            "qty": "15.59000000",
            "quoteQty": "84.85637000",
            "time": 1732284687261,
            "isBuyerMaker": false,
            "isBestMatch": true
        },
        {
            "id": 140736,
            "price": "5.44300000",
            "qty": "43.21000000",
            "quoteQty": "235.19203000",
            "time": 1732284687272,
            "isBuyerMaker": false,
            "isBestMatch": true
        },
        {
            "id": 140737,
            "price": "5.43900000",
            "qty": "62.50000000",
            "quoteQty": "339.93750000",
            "time": 1732284715299,
            "isBuyerMaker": false,
            "isBestMatch": true
        },
        {
            "id": 140738,
            "price": "5.43900000",
            "qty": "15.64000000",
            "quoteQty": "85.06596000",
            "time": 1732284715314,
            "isBuyerMaker": false,
            "isBestMatch": true
        },
        {
            "id": 140739,
            "price": "5.44100000",
            "qty": "59.74000000",
            "quoteQty": "325.04534000",
            "time": 1732284718711,
            "isBuyerMaker": false,
            "isBestMatch": true
        },
        {
            "id": 140740,
            "price": "5.44200000",
            "qty": "75.34000000",
            "quoteQty": "410.00028000",
            "time": 1732284723365,
            "isBuyerMaker": false,
            "isBestMatch": true
        },
        {
            "id": 140741,
            "price": "5.44300000",
            "qty": "3.67000000",
            "quoteQty": "19.97581000",
            "time": 1732284723365,
            "isBuyerMaker": false,
            "isBestMatch": true
        },
        {
            "id": 140742,
            "price": "5.44400000",
            "qty": "65.21000000",
            "quoteQty": "355.00324000",
            "time": 1732284733822,
            "isBuyerMaker": false,
            "isBestMatch": true
        },
        {
            "id": 140743,
            "price": "5.44500000",
            "qty": "47.76000000",
            "quoteQty": "260.05320000",
            "time": 1732284736059,
            "isBuyerMaker": false,
            "isBestMatch": true
        },
        {
            "id": 140744,
            "price": "5.43700000",
            "qty": "67.14000000",
            "quoteQty": "365.04018000",
            "time": 1732284780060,
            "isBuyerMaker": false,
            "isBestMatch": true
        },
        {
            "id": 140745,
            "price": "5.43800000",
            "qty": "75.40000000",
            "quoteQty": "410.02520000",
            "time": 1732284795189,
            "isBuyerMaker": false,
            "isBestMatch": true
        },
        {
            "id": 140746,
            "price": "5.43700000",
            "qty": "72.66000000",
            "quoteQty": "395.05242000",
            "time": 1732284810063,
            "isBuyerMaker": false,
            "isBestMatch": true
        },
        {
            "id": 140747,
            "price": "5.43800000",
            "qty": "48.74000000",
            "quoteQty": "265.04812000",
            "time": 1732284818904,
            "isBuyerMaker": false,
            "isBestMatch": true
        },
        {
            "id": 140748,
            "price": "5.43700000",
            "qty": "62.54000000",
            "quoteQty": "340.02998000",
            "time": 1732284863611,
            "isBuyerMaker": false,
            "isBestMatch": true
        },
        {
            "id": 140749,
            "price": "5.43800000",
            "qty": "67.13000000",
            "quoteQty": "365.05294000",
            "time": 1732284879373,
            "isBuyerMaker": false,
            "isBestMatch": true
        },
        {
            "id": 140750,
            "price": "5.43900000",
            "qty": "70.78000000",
            "quoteQty": "384.97242000",
            "time": 1732284889783,
            "isBuyerMaker": false,
            "isBestMatch": true
        },
        {
            "id": 140751,
            "price": "5.44000000",
            "qty": "50.56000000",
            "quoteQty": "275.04640000",
            "time": 1732284910050,
            "isBuyerMaker": false,
            "isBestMatch": true
        },
        {
            "id": 140752,
            "price": "5.44100000",
            "qty": "54.22000000",
            "quoteQty": "295.01102000",
            "time": 1732284912829,
            "isBuyerMaker": false,
            "isBestMatch": true
        },
        {
            "id": 140753,
            "price": "5.44200000",
            "qty": "12.86000000",
            "quoteQty": "69.98412000",
            "time": 1732284912829,
            "isBuyerMaker": false,
            "isBestMatch": true
        },
        {
            "id": 140754,
            "price": "5.44300000",
            "qty": "45.94000000",
            "quoteQty": "250.05142000",
            "time": 1732284923092,
            "isBuyerMaker": false,
            "isBestMatch": true
        },
        {
            "id": 140755,
            "price": "5.44200000",
            "qty": "47.77000000",
            "quoteQty": "259.96434000",
            "time": 1732284945332,
            "isBuyerMaker": false,
            "isBestMatch": true
        },
        {
            "id": 140756,
            "price": "5.44200000",
            "qty": "25.74000000",
            "quoteQty": "140.07708000",
            "time": 1732284945347,
            "isBuyerMaker": false,
            "isBestMatch": true
        },
        {
            "id": 140757,
            "price": "5.44200000",
            "qty": "57.89000000",
            "quoteQty": "315.03738000",
            "time": 1732284982763,
            "isBuyerMaker": false,
            "isBestMatch": true
        },
        {
            "id": 140758,
            "price": "5.44000000",
            "qty": "70.78000000",
            "quoteQty": "385.04320000",
            "time": 1732285025859,
            "isBuyerMaker": false,
            "isBestMatch": true
        },
        {
            "id": 140759,
            "price": "5.44100000",
            "qty": "66.17000000",
            "quoteQty": "360.03097000",
            "time": 1732285030763,
            "isBuyerMaker": false,
            "isBestMatch": true
        },
        {
            "id": 140760,
            "price": "5.44200000",
            "qty": "65.24000000",
            "quoteQty": "355.03608000",
            "time": 1732285032857,
            "isBuyerMaker": false,
            "isBestMatch": true
        },
        {
            "id": 140761,
            "price": "5.44100000",
            "qty": "54.22000000",
            "quoteQty": "295.01102000",
            "time": 1732285041894,
            "isBuyerMaker": false,
            "isBestMatch": true
        },
        {
            "id": 140762,
            "price": "5.44000000",
            "qty": "55.15000000",
            "quoteQty": "300.01600000",
            "time": 1732285060681,
            "isBuyerMaker": false,
            "isBestMatch": true
        },
        {
            "id": 140763,
            "price": "5.44100000",
            "qty": "52.39000000",
            "quoteQty": "285.05399000",
            "time": 1732285079116,
            "isBuyerMaker": false,
            "isBestMatch": true
        },
        {
            "id": 140764,
            "price": "5.44100000",
            "qty": "56.98000000",
            "quoteQty": "310.02818000",
            "time": 1732285112959,
            "isBuyerMaker": false,
            "isBestMatch": true
        },
        {
            "id": 140765,
            "price": "5.44200000",
            "qty": "33.07000000",
            "quoteQty": "179.96694000",
            "time": 1732285112959,
            "isBuyerMaker": false,
            "isBestMatch": true
        },
        {
            "id": 140766,
            "price": "5.44300000",
            "qty": "47.77000000",
            "quoteQty": "260.01211000",
            "time": 1732285124394,
            "isBuyerMaker": false,
            "isBestMatch": true
        },
        {
            "id": 140767,
            "price": "5.44400000",
            "qty": "35.81000000",
            "quoteQty": "194.94964000",
            "time": 1732285124394,
            "isBuyerMaker": false,
            "isBestMatch": true
        },
        {
            "id": 140768,
            "price": "5.44500000",
            "qty": "58.77000000",
            "quoteQty": "320.00265000",
            "time": 1732285128954,
            "isBuyerMaker": false,
            "isBestMatch": true
        },
        {
            "id": 140769,
            "price": "5.44600000",
            "qty": "50.50000000",
            "quoteQty": "275.02300000",
            "time": 1732285132739,
            "isBuyerMaker": false,
            "isBestMatch": true
        },
        {
            "id": 140770,
            "price": "5.44700000",
            "qty": "65.18000000",
            "quoteQty": "355.03546000",
            "time": 1732285137389,
            "isBuyerMaker": false,
            "isBestMatch": true
        },
        {
            "id": 140771,
            "price": "5.44800000",
            "qty": "65.17000000",
            "quoteQty": "355.04616000",
            "time": 1732285141039,
            "isBuyerMaker": false,
            "isBestMatch": true
        },
        {
            "id": 140772,
            "price": "5.44900000",
            "qty": "46.80000000",
            "quoteQty": "255.01320000",
            "time": 1732285144735,
            "isBuyerMaker": false,
            "isBestMatch": true
        },
        {
            "id": 140773,
            "price": "5.45000000",
            "qty": "51.38000000",
            "quoteQty": "280.02100000",
            "time": 1732285155089,
            "isBuyerMaker": false,
            "isBestMatch": true
        },
        {
            "id": 140774,
            "price": "5.45100000",
            "qty": "51.37000000",
            "quoteQty": "280.01787000",
            "time": 1732285160207,
            "isBuyerMaker": false,
            "isBestMatch": true
        },
        {
            "id": 140775,
            "price": "5.45200000",
            "qty": "60.53000000",
            "quoteQty": "330.00956000",
            "time": 1732285169261,
            "isBuyerMaker": false,
            "isBestMatch": true
        },
        {
            "id": 140776,
            "price": "5.44700000",
            "qty": "60.83000000",
            "quoteQty": "331.34101000",
            "time": 1732285174292,
            "isBuyerMaker": true,
            "isBestMatch": true
        },
        {
            "id": 140777,
            "price": "5.44700000",
            "qty": "16.28000000",
            "quoteQty": "88.67716000",
            "time": 1732285174308,
            "isBuyerMaker": true,
            "isBestMatch": true
        },
        {
            "id": 140778,
            "price": "5.44500000",
            "qty": "50.07000000",
            "quoteQty": "272.63115000",
            "time": 1732285174308,
            "isBuyerMaker": true,
            "isBestMatch": true
        },
        {
            "id": 140779,
            "price": "5.44500000",
            "qty": "8.70000000",
            "quoteQty": "47.37150000",
            "time": 1732285193787,
            "isBuyerMaker": true,
            "isBestMatch": true
        },
        {
            "id": 140780,
            "price": "5.44400000",
            "qty": "47.56000000",
            "quoteQty": "258.91664000",
            "time": 1732285193787,
            "isBuyerMaker": true,
            "isBestMatch": true
        },
        {
            "id": 140781,
            "price": "5.44400000",
            "qty": "24.08000000",
            "quoteQty": "131.09152000",
            "time": 1732285193801,
            "isBuyerMaker": true,
            "isBestMatch": true
        },
        {
            "id": 140782,
            "price": "5.44200000",
            "qty": "44.15000000",
            "quoteQty": "240.26430000",
            "time": 1732285193801,
            "isBuyerMaker": true,
            "isBestMatch": true
        },
        {
            "id": 140783,
            "price": "5.43900000",
            "qty": "51.49000000",
            "quoteQty": "280.05411000",
            "time": 1732285212606,
            "isBuyerMaker": true,
            "isBestMatch": true
        },
        {
            "id": 140784,
            "price": "5.43500000",
            "qty": "30.63000000",
            "quoteQty": "166.47405000",
            "time": 1732285212606,
            "isBuyerMaker": true,
            "isBestMatch": true
        },
        {
            "id": 140785,
            "price": "5.42800000",
            "qty": "84.75000000",
            "quoteQty": "460.02300000",
            "time": 1732285223737,
            "isBuyerMaker": true,
            "isBestMatch": true
        },
        {
            "id": 140786,
            "price": "5.42600000",
            "qty": "1.97000000",
            "quoteQty": "10.68922000",
            "time": 1732285223737,
            "isBuyerMaker": true,
            "isBestMatch": true
        },
        {
            "id": 140787,
            "price": "5.42600000",
            "qty": "69.91000000",
            "quoteQty": "379.33166000",
            "time": 1732285223754,
            "isBuyerMaker": true,
            "isBestMatch": true
        },
        {
            "id": 140788,
            "price": "5.42400000",
            "qty": "10.34000000",
            "quoteQty": "56.08416000",
            "time": 1732285223754,
            "isBuyerMaker": true,
            "isBestMatch": true
        },
        {
            "id": 140789,
            "price": "5.42400000",
            "qty": "71.71000000",
            "quoteQty": "388.95504000",
            "time": 1732285223776,
            "isBuyerMaker": true,
            "isBestMatch": true
        },
        {
            "id": 140790,
            "price": "5.42400000",
            "qty": "1.80000000",
            "quoteQty": "9.76320000",
            "time": 1732285227438,
            "isBuyerMaker": false,
            "isBestMatch": true
        },
        {
            "id": 140791,
            "price": "5.42400000",
            "qty": "1.79000000",
            "quoteQty": "9.70896000",
            "time": 1732285227903,
            "isBuyerMaker": false,
            "isBestMatch": true
        },
        {
            "id": 140792,
            "price": "5.42400000",
            "qty": "2.71000000",
            "quoteQty": "14.69904000",
            "time": 1732285227979,
            "isBuyerMaker": false,
            "isBestMatch": true
        },
        {
            "id": 140793,
            "price": "5.42100000",
            "qty": "81.26000000",
            "quoteQty": "440.51046000",
            "time": 1732285242800,
            "isBuyerMaker": true,
            "isBestMatch": true
        },
        {
            "id": 140794,
            "price": "5.42100000",
            "qty": "1.76000000",
            "quoteQty": "9.54096000",
            "time": 1732285261844,
            "isBuyerMaker": true,
            "isBestMatch": true
        },
        {
            "id": 140795,
            "price": "5.42000000",
            "qty": "57.32000000",
            "quoteQty": "310.67440000",
            "time": 1732285261844,
            "isBuyerMaker": true,
            "isBestMatch": true
        },
        {
            "id": 140796,
            "price": "5.42000000",
            "qty": "4.49000000",
            "quoteQty": "24.33580000",
            "time": 1732285261857,
            "isBuyerMaker": true,
            "isBestMatch": true
        },
        {
            "id": 140797,
            "price": "5.41900000",
            "qty": "47.06000000",
            "quoteQty": "255.01814000",
            "time": 1732285261857,
            "isBuyerMaker": true,
            "isBestMatch": true
        },
        {
            "id": 140798,
            "price": "5.41800000",
            "qty": "29.67000000",
            "quoteQty": "160.75206000",
            "time": 1732285261857,
            "isBuyerMaker": true,
            "isBestMatch": true
        },
        {
            "id": 140799,
            "price": "5.42300000",
            "qty": "49.79000000",
            "quoteQty": "270.01117000",
            "time": 1732285311583,
            "isBuyerMaker": true,
            "isBestMatch": true
        },
        {
            "id": 140800,
            "price": "5.42300000",
            "qty": "50.71000000",
            "quoteQty": "275.00033000",
            "time": 1732285346734,
            "isBuyerMaker": false,
            "isBestMatch": true
        },
        {
            "id": 140801,
            "price": "5.42300000",
            "qty": "5.54000000",
            "quoteQty": "30.04342000",
            "time": 1732285382393,
            "isBuyerMaker": false,
            "isBestMatch": true
        },
        {
            "id": 140802,
            "price": "5.42400000",
            "qty": "55.31000000",
            "quoteQty": "300.00144000",
            "time": 1732285382393,
            "isBuyerMaker": false,
            "isBestMatch": true
        },
        {
            "id": 140803,
            "price": "5.42500000",
            "qty": "19.34000000",
            "quoteQty": "104.91950000",
            "time": 1732285382393,
            "isBuyerMaker": false,
            "isBestMatch": true
        },
        {
            "id": 140804,
            "price": "5.42500000",
            "qty": "46.10000000",
            "quoteQty": "250.09250000",
            "time": 1732285387975,
            "isBuyerMaker": false,
            "isBestMatch": true
        },
        {
            "id": 140805,
            "price": "5.42600000",
            "qty": "14.72000000",
            "quoteQty": "79.87072000",
            "time": 1732285387975,
            "isBuyerMaker": false,
            "isBestMatch": true
        },
        {
            "id": 140806,
            "price": "5.42400000",
            "qty": "66.38000000",
            "quoteQty": "360.04512000",
            "time": 1732285406329,
            "isBuyerMaker": true,
            "isBestMatch": true
        },
        {
            "id": 140807,
            "price": "5.42300000",
            "qty": "55.32000000",
            "quoteQty": "300.00036000",
            "time": 1732285417901,
            "isBuyerMaker": true,
            "isBestMatch": true
        },
        {
            "id": 140808,
            "price": "5.42200000",
            "qty": "62.72000000",
            "quoteQty": "340.06784000",
            "time": 1732285419485,
            "isBuyerMaker": true,
            "isBestMatch": true
        },
        {
            "id": 140809,
            "price": "5.42200000",
            "qty": "2.76000000",
            "quoteQty": "14.96472000",
            "time": 1732285419503,
            "isBuyerMaker": true,
            "isBestMatch": true
        },
        {
            "id": 140810,
            "price": "5.42200000",
            "qty": "46.10000000",
            "quoteQty": "249.95420000",
            "time": 1732285462669,
            "isBuyerMaker": false,
            "isBestMatch": true
        },
        {
            "id": 140811,
            "price": "5.42200000",
            "qty": "15.70000000",
            "quoteQty": "85.12540000",
            "time": 1732285462679,
            "isBuyerMaker": false,
            "isBestMatch": true
        },
        {
            "id": 140812,
            "price": "5.42100000",
            "qty": "55.35000000",
            "quoteQty": "300.05235000",
            "time": 1732285498102,
            "isBuyerMaker": false,
            "isBestMatch": true
        },
        {
            "id": 140813,
            "price": "5.42100000",
            "qty": "88.55000000",
            "quoteQty": "480.02955000",
            "time": 1732285504380,
            "isBuyerMaker": false,
            "isBestMatch": true
        },
        {
            "id": 140814,
            "price": "5.42200000",
            "qty": "49.80000000",
            "quoteQty": "270.01560000",
            "time": 1732285512315,
            "isBuyerMaker": false,
            "isBestMatch": true
        },
        {
            "id": 140815,
            "price": "5.42300000",
            "qty": "32.25000000",
            "quoteQty": "174.89175000",
            "time": 1732285512315,
            "isBuyerMaker": false,
            "isBestMatch": true
        },
        {
            "id": 140816,
            "price": "5.42500000",
            "qty": "88.48000000",
            "quoteQty": "480.00400000",
            "time": 1732285524933,
            "isBuyerMaker": false,
            "isBestMatch": true
        },
        {
            "id": 140817,
            "price": "5.42600000",
            "qty": "55.29000000",
            "quoteQty": "300.00354000",
            "time": 1732285535425,
            "isBuyerMaker": false,
            "isBestMatch": true
        },
        {
            "id": 140818,
            "price": "5.42200000",
            "qty": "76.55000000",
            "quoteQty": "415.05410000",
            "time": 1732285569580,
            "isBuyerMaker": false,
            "isBestMatch": true
        },
        {
            "id": 140819,
            "price": "5.42300000",
            "qty": "60.86000000",
            "quoteQty": "330.04378000",
            "time": 1732285572373,
            "isBuyerMaker": false,
            "isBestMatch": true
        },
        {
            "id": 140820,
            "price": "5.42200000",
            "qty": "62.71000000",
            "quoteQty": "340.01362000",
            "time": 1732285592893,
            "isBuyerMaker": false,
            "isBestMatch": true
        },
        {
            "id": 140821,
            "price": "5.42300000",
            "qty": "57.17000000",
            "quoteQty": "310.03291000",
            "time": 1732285595777,
            "isBuyerMaker": false,
            "isBestMatch": true
        },
        {
            "id": 140822,
            "price": "5.42400000",
            "qty": "82.97000000",
            "quoteQty": "450.02928000",
            "time": 1732285599525,
            "isBuyerMaker": false,
            "isBestMatch": true
        },
        {
            "id": 140823,
            "price": "5.42500000",
            "qty": "51.62000000",
            "quoteQty": "280.03850000",
            "time": 1732285603093,
            "isBuyerMaker": false,
            "isBestMatch": true
        },
        {
            "id": 140824,
            "price": "5.42600000",
            "qty": "54.37000000",
            "quoteQty": "295.01162000",
            "time": 1732285614143,
            "isBuyerMaker": false,
            "isBestMatch": true
        },
        {
            "id": 140825,
            "price": "5.42700000",
            "qty": "9.21000000",
            "quoteQty": "49.98267000",
            "time": 1732285614143,
            "isBuyerMaker": false,
            "isBestMatch": true
        },
        {
            "id": 140826,
            "price": "5.42800000",
            "qty": "61.72000000",
            "quoteQty": "335.01616000",
            "time": 1732285629700,
            "isBuyerMaker": false,
            "isBestMatch": true
        },
        {
            "id": 140827,
            "price": "5.42600000",
            "qty": "83.86000000",
            "quoteQty": "455.02436000",
            "time": 1732285662755,
            "isBuyerMaker": false,
            "isBestMatch": true
        },
        {
            "id": 140828,
            "price": "5.42700000",
            "qty": "67.26000000",
            "quoteQty": "365.02002000",
            "time": 1732285669181,
            "isBuyerMaker": false,
            "isBestMatch": true
        },
        {
            "id": 140829,
            "price": "5.42800000",
            "qty": "66.33000000",
            "quoteQty": "360.03924000",
            "time": 1732285671056,
            "isBuyerMaker": false,
            "isBestMatch": true
        },
        {
            "id": 140830,
            "price": "5.42900000",
            "qty": "60.79000000",
            "quoteQty": "330.02891000",
            "time": 1732285679743,
            "isBuyerMaker": false,
            "isBestMatch": true
        },
        {
            "id": 140831,
            "price": "5.42800000",
            "qty": "74.62000000",
            "quoteQty": "405.03736000",
            "time": 1732285690138,
            "isBuyerMaker": false,
            "isBestMatch": true
        },
        {
            "id": 140832,
            "price": "5.42900000",
            "qty": "49.74000000",
            "quoteQty": "270.03846000",
            "time": 1732285708295,
            "isBuyerMaker": false,
            "isBestMatch": true
        },
        {
            "id": 140833,
            "price": "5.42400000",
            "qty": "75.59000000",
            "quoteQty": "410.00016000",
            "time": 1732285780338,
            "isBuyerMaker": false,
            "isBestMatch": true
        },
        {
            "id": 140834,
            "price": "5.42500000",
            "qty": "52.54000000",
            "quoteQty": "285.02950000",
            "time": 1732285792295,
            "isBuyerMaker": false,
            "isBestMatch": true
        },
        {
            "id": 140835,
            "price": "5.42600000",
