{
    "data": [
        {
            "id": 30000,
            "price": "0.19950000",
            "qty": "2481.30000000",
            "quoteQty": "495.01935000",
            "time": 1732235628280,
            "isBuyerMaker": true,
            "isBestMatch": true
        },
        {
            "id": 30001,
            "price": "0.19950000",
            "qty": "1328.40000000",
            "quoteQty": "265.01580000",
            "time": 1732235687741,
            "isBuyerMaker": true,
            "isBestMatch": true
        },
        {
            "id": 30002,
            "price": "0.19940000",
            "qty": "1354.10000000",
            "quoteQty": "270.00754000",
            "time": 1732235716396,
            "isBuyerMaker": false,
            "isBestMatch": true
        },
        {
            "id": 30003,
            "price": "0.19930000",
            "qty": "1480.20000000",
            "quoteQty": "295.00386000",
            "time": 1732235769944,
            "isBuyerMaker": false,
            "isBestMatch": true
        },
        {
            "id": 30004,
            "price": "0.19930000",
            "qty": "2182.70000000",
            "quoteQty": "435.01211000",
            "time": 1732235777965,
            "isBuyerMaker": false,
            "isBestMatch": true
        },
        {
            "id": 30005,
            "price": "0.19940000",
            "qty": "1604.90000000",
            "quoteQty": "320.01706000",
            "time": 1732235793931,
            "isBuyerMaker": false,
            "isBestMatch": true
        },
        {
            "id": 30006,
            "price": "0.19940000",
            "qty": "376.10000000",
            "quoteQty": "74.99434000",
            "time": 1732235793931,
            "isBuyerMaker": false,
            "isBestMatch": true
        },
        {
            "id": 30007,
            "price": "0.19940000",
            "qty": "1479.50000000",
            "quoteQty": "295.01230000",
            "time": 1732235800484,
            "isBuyerMaker": false,
            "isBestMatch": true
        },
        {
            "id": 30008,
            "price": "0.19920000",
            "qty": "1932.80000000",
            "quoteQty": "385.01376000",
            "time": 1732235866422,
            "isBuyerMaker": false,
            "isBestMatch": true
        },
        {
            "id": 30009,
            "price": "0.19920000",
            "qty": "2234.00000000",
            "quoteQty": "445.01280000",
            "time": 1732235885230,
            "isBuyerMaker": false,
            "isBestMatch": true
        },
        {
            "id": 30010,
            "price": "0.19920000",
            "qty": "75.30000000",
            "quoteQty": "14.99976000",
            "time": 1732235885230,
            "isBuyerMaker": false,
            "isBestMatch": true
        },
        {
            "id": 30011,
            "price": "0.19920000",
            "qty": "1656.70000000",
            "quoteQty": "330.01464000",
            "time": 1732235914277,
            "isBuyerMaker": false,
            "isBestMatch": true
        },
        {
            "id": 30012,
            "price": "0.19920000",
            "qty": "476.90000000",
            "quoteQty": "94.99848000",
            "time": 1732235914277,
            "isBuyerMaker": false,
            "isBestMatch": true
        },
        {
            "id": 30013,
            "price": "0.19920000",
            "qty": "1531.20000000",
            "quoteQty": "305.01504000",
            "time": 1732235929163,
            "isBuyerMaker": false,
            "isBestMatch": true
        },
        {
            "id": 30014,
            "price": "0.19920000",
            "qty": "2309.30000000",
            "quoteQty": "460.01256000",
            "time": 1732235950015,
            "isBuyerMaker": false,
            "isBestMatch": true
        },
        {
            "id": 30015,
            "price": "0.19900000",
            "qty": "1382.00000000",
            "quoteQty": "275.01800000",
            "time": 1732236030159,
            "isBuyerMaker": true,
            "isBestMatch": true
        },
        {
            "id": 30016,
            "price": "0.19900000",
            "qty": "1884.50000000",
            "quoteQty": "375.01550000",
            "time": 1732236064412,
            "isBuyerMaker": false,
            "isBestMatch": true
        },
        {
            "id": 30017,
            "price": "0.19890000",
            "qty": "105.70000000",
            "quoteQty": "21.02373000",
            "time": 1732236066137,
            "isBuyerMaker": true,
            "isBestMatch": true
        },
        {
            "id": 30018,
            "price": "0.19900000",
            "qty": "1457.30000000",
            "quoteQty": "290.00270000",
            "time": 1732236098139,
            "isBuyerMaker": true,
            "isBestMatch": true
        },
        {
            "id": 30019,
            "price": "0.19900000",
            "qty": "1658.30000000",
            "quoteQty": "330.00170000",
            "time": 1732236111924,
            "isBuyerMaker": true,
            "isBestMatch": true
        },
        {
            "id": 30020,
            "price": "0.19900000",
            "qty": "2035.20000000",
            "quoteQty": "405.00480000",
            "time": 1732236174828,
            "isBuyerMaker": false,
            "isBestMatch": true
        },
        {
            "id": 30021,
            "price": "0.19910000",
            "qty": "2235.10000000",
            "quoteQty": "445.00841000",
            "time": 1732236222399,
            "isBuyerMaker": false,
            "isBestMatch": true
        },
        {
            "id": 30022,
            "price": "0.19920000",
            "qty": "1681.80000000",
            "quoteQty": "335.01456000",
            "time": 1732236229164,
            "isBuyerMaker": false,
            "isBestMatch": true
        },
        {
            "id": 30023,
            "price": "0.19920000",
            "qty": "1857.50000000",
            "quoteQty": "370.01400000",
            "time": 1732236240473,
            "isBuyerMaker": false,
            "isBestMatch": true
        },
        {
            "id": 30024,
            "price": "0.19920000",
            "qty": "1506.10000000",
            "quoteQty": "300.01512000",
            "time": 1732236250992,
            "isBuyerMaker": false,
            "isBestMatch": true
        },
        {
            "id": 30025,
            "price": "0.19910000",
            "qty": "1356.20000000",
            "quoteQty": "270.01942000",
            "time": 1732236267074,
            "isBuyerMaker": false,
            "isBestMatch": true
        },
        {
            "id": 30026,
            "price": "0.19920000",
            "qty": "503.50000000",
            "quoteQty": "100.29720000",
            "time": 1732236303645,
            "isBuyerMaker": false,
            "isBestMatch": true
        },
        {
            "id": 30027,
            "price": "0.19920000",
            "qty": "1631.60000000",
            "quoteQty": "325.01472000",
            "time": 1732236338942,
            "isBuyerMaker": false,
            "isBestMatch": true
        },
        {
            "id": 30028,
            "price": "0.19920000",
            "qty": "1556.30000000",
            "quoteQty": "310.01496000",
            "time": 1732236405941,
            "isBuyerMaker": false,
            "isBestMatch": true
        },
        {
            "id": 30029,
            "price": "0.19920000",
            "qty": "125.50000000",
            "quoteQty": "24.99960000",
            "time": 1732236405941,
            "isBuyerMaker": false,
            "isBestMatch": true
        },
        {
            "id": 30030,
            "price": "0.19910000",
            "qty": "2335.60000000",
            "quoteQty": "465.01796000",
            "time": 1732236471871,
            "isBuyerMaker": true,
            "isBestMatch": true
        },
        {
            "id": 30031,
            "price": "0.19900000",
            "qty": "2412.10000000",
            "quoteQty": "480.00790000",
            "time": 1732236519433,
            "isBuyerMaker": true,
            "isBestMatch": true
        },
        {
            "id": 30032,
            "price": "0.19890000",
            "qty": "1407.80000000",
            "quoteQty": "280.01142000",
            "time": 1732236552647,
            "isBuyerMaker": true,
            "isBestMatch": true
        },
        {
            "id": 30033,
            "price": "0.19880000",
            "qty": "960.00000000",
            "quoteQty": "190.84800000",
            "time": 1732236552647,
            "isBuyerMaker": true,
            "isBestMatch": true
        },
        {
            "id": 30034,
            "price": "0.19880000",
            "qty": "297.60000000",
            "quoteQty": "59.16288000",
            "time": 1732236552662,
            "isBuyerMaker": true,
            "isBestMatch": true
        },
        {
            "id": 30035,
            "price": "0.19880000",
            "qty": "1918.00000000",
            "quoteQty": "381.29840000",
            "time": 1732236552662,
            "isBuyerMaker": true,
            "isBestMatch": true
        },
        {
            "id": 30036,
            "price": "0.19880000",
            "qty": "1509.90000000",
            "quoteQty": "300.16812000",
            "time": 1732236552684,
            "isBuyerMaker": true,
            "isBestMatch": true
        },
        {
            "id": 30037,
            "price": "0.19880000",
            "qty": "2414.50000000",
            "quoteQty": "480.00260000",
            "time": 1732236552700,
            "isBuyerMaker": true,
            "isBestMatch": true
        },
        {
            "id": 30038,
            "price": "0.19870000",
            "qty": "1311.20000000",
            "quoteQty": "260.53544000",
            "time": 1732236568025,
            "isBuyerMaker": true,
            "isBestMatch": true
        },
        {
            "id": 30039,
            "price": "0.19870000",
            "qty": "2167.40000000",
            "quoteQty": "430.66238000",
            "time": 1732236576504,
            "isBuyerMaker": true,
            "isBestMatch": true
        },
        {
            "id": 30040,
            "price": "0.19870000",
            "qty": "503.50000000",
            "quoteQty": "100.04545000",
            "time": 1732236578136,
            "isBuyerMaker": true,
            "isBestMatch": true
        },
        {
            "id": 30041,
            "price": "0.19860000",
            "qty": "1586.20000000",
            "quoteQty": "315.01932000",
            "time": 1732236866448,
            "isBuyerMaker": false,
            "isBestMatch": true
        },
        {
            "id": 30042,
            "price": "0.19850000",
            "qty": "2317.40000000",
            "quoteQty": "460.00390000",
            "time": 1732237011710,
            "isBuyerMaker": true,
            "isBestMatch": true
        },
        {
            "id": 30043,
            "price": "0.19850000",
            "qty": "1688.60000000",
            "quoteQty": "335.18710000",
            "time": 1732237089814,
            "isBuyerMaker": true,
            "isBestMatch": true
        },
        {
            "id": 30044,
            "price": "0.19850000",
            "qty": "1964.80000000",
            "quoteQty": "390.01280000",
            "time": 1732237140523,
            "isBuyerMaker": true,
            "isBestMatch": true
        },
        {
            "id": 30045,
            "price": "0.19850000",
            "qty": "2342.60000000",
            "quoteQty": "465.00610000",
            "time": 1732237150565,
            "isBuyerMaker": true,
            "isBestMatch": true
        },
        {
            "id": 30046,
            "price": "0.19860000",
            "qty": "2114.90000000",
            "quoteQty": "420.01914000",
            "time": 1732237199869,
            "isBuyerMaker": false,
            "isBestMatch": true
        },
        {
            "id": 30047,
            "price": "0.19860000",
            "qty": "176.20000000",
            "quoteQty": "34.99332000",
            "time": 1732237199869,
            "isBuyerMaker": false,
            "isBestMatch": true
        },
        {
            "id": 30048,
            "price": "0.19850000",
            "qty": "1914.40000000",
            "quoteQty": "380.00840000",
            "time": 1732237224437,
            "isBuyerMaker": false,
            "isBestMatch": true
        },
        {
            "id": 30049,
            "price": "0.19850000",
            "qty": "377.80000000",
            "quoteQty": "74.99330000",
            "time": 1732237224437,
            "isBuyerMaker": false,
            "isBestMatch": true
        },
        {
            "id": 30050,
            "price": "0.19860000",
            "qty": "1485.40000000",
            "quoteQty": "295.00044000",
            "time": 1732237259726,
            "isBuyerMaker": false,
            "isBestMatch": true
        },
        {
            "id": 30051,
            "price": "0.19860000",
            "qty": "1309.20000000",
            "quoteQty": "260.00712000",
            "time": 1732237353273,
            "isBuyerMaker": true,
            "isBestMatch": true
        },
        {
            "id": 30052,
            "price": "0.19860000",
            "qty": "1535.80000000",
            "quoteQty": "305.00988000",
            "time": 1732237363509,
            "isBuyerMaker": false,
            "isBestMatch": true
        },
        {
            "id": 30053,
            "price": "0.19860000",
            "qty": "654.60000000",
            "quoteQty": "130.00356000",
            "time": 1732237363509,
            "isBuyerMaker": false,
            "isBestMatch": true
        },
        {
            "id": 30054,
            "price": "0.19860000",
            "qty": "1787.60000000",
            "quoteQty": "355.01736000",
            "time": 1732237396867,
            "isBuyerMaker": true,
            "isBestMatch": true
        },
        {
            "id": 30055,
            "price": "0.19860000",
            "qty": "1612.10000000",
            "quoteQty": "320.16306000",
            "time": 1732237486548,
            "isBuyerMaker": true,
            "isBestMatch": true
        },
        {
            "id": 30056,
            "price": "0.19850000",
            "qty": "1813.70000000",
            "quoteQty": "360.01945000",
            "time": 1732237533460,
            "isBuyerMaker": true,
            "isBestMatch": true
        },
        {
            "id": 30057,
            "price": "0.19850000",
            "qty": "1890.20000000",
            "quoteQty": "375.20470000",
            "time": 1732237553555,
            "isBuyerMaker": true,
            "isBestMatch": true
        },
        {
            "id": 30058,
            "price": "0.19830000",
            "qty": "1512.90000000",
            "quoteQty": "300.00807000",
            "time": 1732237591215,
            "isBuyerMaker": true,
            "isBestMatch": true
        },
        {
            "id": 30059,
            "price": "0.19830000",
            "qty": "1791.20000000",
            "quoteQty": "355.19496000",
            "time": 1732237639302,
            "isBuyerMaker": true,
            "isBestMatch": true
        },
        {
            "id": 30060,
            "price": "0.19830000",
            "qty": "2471.10000000",
            "quoteQty": "490.01913000",
            "time": 1732237647967,
            "isBuyerMaker": true,
            "isBestMatch": true
        },
        {
            "id": 30061,
            "price": "0.19830000",
            "qty": "1438.00000000",
            "quoteQty": "285.15540000",
            "time": 1732237657531,
            "isBuyerMaker": true,
            "isBestMatch": true
        },
        {
            "id": 30062,
            "price": "0.19830000",
            "qty": "2144.30000000",
            "quoteQty": "425.21469000",
            "time": 1732237675789,
            "isBuyerMaker": true,
            "isBestMatch": true
        },
        {
            "id": 30063,
            "price": "0.19830000",
            "qty": "1640.60000000",
            "quoteQty": "325.33098000",
            "time": 1732237725873,
            "isBuyerMaker": true,
            "isBestMatch": true
        },
        {
            "id": 30064,
            "price": "0.19830000",
            "qty": "2323.30000000",
            "quoteQty": "460.71039000",
            "time": 1732237748790,
            "isBuyerMaker": true,
            "isBestMatch": true
        },
        {
            "id": 30065,
            "price": "0.19830000",
            "qty": "1613.80000000",
            "quoteQty": "320.01654000",
            "time": 1732237773240,
            "isBuyerMaker": true,
            "isBestMatch": true
        },
        {
            "id": 30066,
            "price": "0.19830000",
            "qty": "1816.40000000",
            "quoteQty": "360.19212000",
            "time": 1732237774915,
            "isBuyerMaker": true,
            "isBestMatch": true
        },
        {
            "id": 30067,
            "price": "0.19830000",
            "qty": "1413.50000000",
            "quoteQty": "280.29705000",
            "time": 1732237817156,
            "isBuyerMaker": true,
            "isBestMatch": true
        },
        {
            "id": 30068,
            "price": "0.19830000",
            "qty": "2019.20000000",
            "quoteQty": "400.40736000",
            "time": 1732237845088,
            "isBuyerMaker": true,
            "isBestMatch": true
        },
        {
            "id": 30069,
            "price": "0.19820000",
            "qty": "1337.10000000",
            "quoteQty": "265.01322000",
            "time": 1732237964317,
            "isBuyerMaker": true,
            "isBestMatch": true
        },
        {
            "id": 30070,
            "price": "0.19820000",
            "qty": "2019.20000000",
            "quoteQty": "400.20544000",
            "time": 1732238083848,
            "isBuyerMaker": true,
            "isBestMatch": true
        },
        {
            "id": 30071,
            "price": "0.19830000",
            "qty": "1686.90000000",
            "quoteQty": "334.51227000",
            "time": 1732238213002,
            "isBuyerMaker": false,
            "isBestMatch": true
        },
        {
            "id": 30072,
            "price": "0.19830000",
            "qty": "204.20000000",
            "quoteQty": "40.49286000",
            "time": 1732238213020,
            "isBuyerMaker": false,
            "isBestMatch": true
        },
        {
            "id": 30073,
            "price": "0.19840000",
            "qty": "1310.50000000",
            "quoteQty": "260.00320000",
            "time": 1732238213020,
            "isBuyerMaker": false,
            "isBestMatch": true
        },
        {
            "id": 30074,
            "price": "0.19850000",
            "qty": "198.20000000",
            "quoteQty": "39.34270000",
            "time": 1732238213020,
            "isBuyerMaker": false,
            "isBestMatch": true
        },
        {
            "id": 30075,
            "price": "0.19840000",
            "qty": "1461.70000000",
            "quoteQty": "290.00128000",
            "time": 1732238213041,
            "isBuyerMaker": false,
            "isBestMatch": true
        },
        {
            "id": 30076,
            "price": "0.19820000",
            "qty": "1463.20000000",
            "quoteQty": "290.00624000",
            "time": 1732238379813,
            "isBuyerMaker": false,
            "isBestMatch": true
        },
        {
            "id": 30077,
            "price": "0.19820000",
            "qty": "1513.70000000",
            "quoteQty": "300.01534000",
            "time": 1732238388745,
            "isBuyerMaker": false,
            "isBestMatch": true
        },
        {
            "id": 30078,
            "price": "0.19820000",
            "qty": "1841.60000000",
            "quoteQty": "365.00512000",
            "time": 1732238413272,
            "isBuyerMaker": false,
            "isBestMatch": true
        },
        {
            "id": 30079,
            "price": "0.19830000",
            "qty": "1664.20000000",
            "quoteQty": "330.01086000",
            "time": 1732238465131,
            "isBuyerMaker": false,
            "isBestMatch": true
        },
        {
            "id": 30080,
            "price": "0.19840000",
            "qty": "2419.40000000",
            "quoteQty": "480.00896000",
            "time": 1732238507404,
            "isBuyerMaker": false,
            "isBestMatch": true
        },
        {
            "id": 30081,
            "price": "0.19850000",
            "qty": "1612.10000000",
            "quoteQty": "320.00185000",
            "time": 1732238559215,
            "isBuyerMaker": false,
            "isBestMatch": true
        },
        {
            "id": 30082,
            "price": "0.19850000",
            "qty": "428.30000000",
            "quoteQty": "85.01755000",
            "time": 1732238559215,
            "isBuyerMaker": false,
            "isBestMatch": true
        },
        {
            "id": 30083,
            "price": "0.19850000",
            "qty": "2240.70000000",
            "quoteQty": "444.77895000",
            "time": 1732238570967,
            "isBuyerMaker": false,
            "isBestMatch": true
        },
        {
            "id": 30084,
            "price": "0.19850000",
            "qty": "2065.50000000",
            "quoteQty": "410.00175000",
            "time": 1732238599152,
            "isBuyerMaker": false,
            "isBestMatch": true
        },
        {
            "id": 30085,
            "price": "0.19850000",
            "qty": "1763.30000000",
            "quoteQty": "350.01505000",
            "time": 1732238655369,
            "isBuyerMaker": true,
            "isBestMatch": true
        },
        {
            "id": 30086,
            "price": "0.19830000",
            "qty": "1563.30000000",
            "quoteQty": "310.00239000",
            "time": 1732238694864,
            "isBuyerMaker": true,
            "isBestMatch": true
        },
        {
            "id": 30087,
            "price": "0.19830000",
            "qty": "2042.40000000",
            "quoteQty": "405.00792000",
            "time": 1732238713395,
            "isBuyerMaker": true,
            "isBestMatch": true
        },
        {
            "id": 30088,
            "price": "0.19830000",
            "qty": "1941.60000000",
            "quoteQty": "385.01928000",
            "time": 1732238757846,
            "isBuyerMaker": false,
            "isBestMatch": true
        },
        {
            "id": 30089,
            "price": "0.19830000",
            "qty": "1260.80000000",
            "quoteQty": "250.01664000",
            "time": 1732238882911,
            "isBuyerMaker": false,
            "isBestMatch": true
        },
        {
            "id": 30090,
            "price": "0.19830000",
            "qty": "1966.80000000",
            "quoteQty": "390.01644000",
            "time": 1732238884462,
            "isBuyerMaker": true,
            "isBestMatch": true
        },
        {
            "id": 30091,
            "price": "0.19830000",
            "qty": "1639.00000000",
            "quoteQty": "325.01370000",
            "time": 1732238958284,
            "isBuyerMaker": false,
            "isBestMatch": true
        },
        {
            "id": 30092,
            "price": "0.19820000",
            "qty": "1438.00000000",
            "quoteQty": "285.01160000",
            "time": 1732239048198,
            "isBuyerMaker": true,
            "isBestMatch": true
        },
        {
            "id": 30093,
            "price": "0.19820000",
            "qty": "1538.90000000",
            "quoteQty": "305.00998000",
            "time": 1732239181991,
            "isBuyerMaker": true,
            "isBestMatch": true
        },
        {
            "id": 30094,
            "price": "0.19830000",
            "qty": "1613.80000000",
            "quoteQty": "320.01654000",
            "time": 1732239199107,
            "isBuyerMaker": false,
            "isBestMatch": true
        },
        {
            "id": 30095,
            "price": "0.19820000",
            "qty": "2396.60000000",
            "quoteQty": "475.00612000",
            "time": 1732239209127,
            "isBuyerMaker": true,
            "isBestMatch": true
        },
        {
            "id": 30096,
            "price": "0.19820000",
            "qty": "1715.50000000",
            "quoteQty": "340.01210000",
            "time": 1732239240256,
            "isBuyerMaker": true,
            "isBestMatch": true
        },
        {
            "id": 30097,
            "price": "0.19830000",
            "qty": "1512.90000000",
            "quoteQty": "300.00807000",
            "time": 1732239266983,
            "isBuyerMaker": false,
            "isBestMatch": true
        },
        {
            "id": 30098,
            "price": "0.19840000",
            "qty": "1461.70000000",
            "quoteQty": "290.00128000",
            "time": 1732239320934,
            "isBuyerMaker": false,
            "isBestMatch": true
        },
        {
            "id": 30099,
            "price": "0.19850000",
            "qty": "1385.40000000",
            "quoteQty": "275.00190000",
            "time": 1732239392504,
            "isBuyerMaker": false,
            "isBestMatch": true
        },
        {
            "id": 30100,
            "price": "0.19850000",
            "qty": "1587.00000000",
            "quoteQty": "315.01950000",
            "time": 1732239426104,
            "isBuyerMaker": false,
            "isBestMatch": true
        },
        {
            "id": 30101,
            "price": "0.19860000",
            "qty": "502.80000000",
            "quoteQty": "99.85608000",
            "time": 1732239455923,
            "isBuyerMaker": false,
            "isBestMatch": true
        },
        {
            "id": 30102,
            "price": "0.19850000",
            "qty": "1309.90000000",
            "quoteQty": "260.01515000",
            "time": 1732239476093,
            "isBuyerMaker": false,
            "isBestMatch": true
        },
        {
            "id": 30103,
            "price": "0.19850000",
            "qty": "982.30000000",
            "quoteQty": "194.98655000",
            "time": 1732239476093,
            "isBuyerMaker": false,
            "isBestMatch": true
        },
        {
            "id": 30104,
            "price": "0.19850000",
            "qty": "1435.10000000",
            "quoteQty": "284.86735000",
            "time": 1732239540811,
            "isBuyerMaker": false,
            "isBestMatch": true
        },
        {
            "id": 30105,
            "price": "0.19850000",
            "qty": "2190.40000000",
            "quoteQty": "434.79440000",
            "time": 1732239560490,
            "isBuyerMaker": false,
            "isBestMatch": true
        },
        {
            "id": 30106,
            "price": "0.19850000",
            "qty": "1284.00000000",
            "quoteQty": "254.87400000",
            "time": 1732239587460,
            "isBuyerMaker": false,
            "isBestMatch": true
        },
        {
            "id": 30107,
            "price": "0.19850000",
            "qty": "1511.40000000",
            "quoteQty": "300.01290000",
            "time": 1732239606579,
            "isBuyerMaker": false,
            "isBestMatch": true
        },
        {
            "id": 30108,
            "price": "0.19850000",
            "qty": "2089.70000000",
            "quoteQty": "414.80545000",
            "time": 1732239641814,
            "isBuyerMaker": false,
            "isBestMatch": true
        },
        {
            "id": 30109,
            "price": "0.19860000",
            "qty": "2291.10000000",
            "quoteQty": "455.01246000",
            "time": 1732239780001,
            "isBuyerMaker": false,
            "isBestMatch": true
        },
        {
            "id": 30110,
            "price": "0.19860000",
            "qty": "1636.50000000",
            "quoteQty": "325.00890000",
            "time": 1732239795865,
            "isBuyerMaker": false,
            "isBestMatch": true
        },
        {
            "id": 30111,
            "price": "0.19870000",
            "qty": "1961.80000000",
            "quoteQty": "389.80966000",
            "time": 1732239802665,
            "isBuyerMaker": false,
            "isBestMatch": true
        },
        {
            "id": 30112,
            "price": "0.19870000",
            "qty": "252.60000000",
            "quoteQty": "50.19162000",
            "time": 1732239802685,
            "isBuyerMaker": false,
            "isBestMatch": true
        },
        {
            "id": 30113,
            "price": "0.19880000",
            "qty": "1282.70000000",
            "quoteQty": "255.00076000",
            "time": 1732239860047,
            "isBuyerMaker": false,
            "isBestMatch": true
        },
        {
            "id": 30114,
            "price": "0.19890000",
            "qty": "1759.70000000",
            "quoteQty": "350.00433000",
            "time": 1732240023444,
            "isBuyerMaker": false,
            "isBestMatch": true
        },
        {
            "id": 30115,
            "price": "0.19880000",
            "qty": "1282.70000000",
            "quoteQty": "255.00076000",
            "time": 1732240076111,
            "isBuyerMaker": true,
            "isBestMatch": true
        },
        {
            "id": 30116,
            "price": "0.19890000",
            "qty": "2111.70000000",
            "quoteQty": "420.01713000",
            "time": 1732240133815,
            "isBuyerMaker": false,
            "isBestMatch": true
        },
        {
            "id": 30117,
            "price": "0.19890000",
            "qty": "2261.40000000",
            "quoteQty": "449.79246000",
            "time": 1732240217984,
            "isBuyerMaker": false,
            "isBestMatch": true
        },
        {
            "id": 30118,
            "price": "0.19890000",
            "qty": "2287.60000000",
            "quoteQty": "455.00364000",
            "time": 1732240248600,
            "isBuyerMaker": false,
            "isBestMatch": true
        },
        {
            "id": 30119,
            "price": "0.19900000",
            "qty": "1884.50000000",
            "quoteQty": "375.01550000",
            "time": 1732240282823,
            "isBuyerMaker": false,
            "isBestMatch": true
        },
        {
            "id": 30120,
            "price": "0.19900000",
            "qty": "2436.00000000",
            "quoteQty": "484.76400000",
            "time": 1732240323072,
            "isBuyerMaker": false,
            "isBestMatch": true
        },
        {
            "id": 30121,
            "price": "0.19910000",
            "qty": "1582.20000000",
            "quoteQty": "315.01602000",
            "time": 1732240359995,
            "isBuyerMaker": false,
            "isBestMatch": true
        },
        {
            "id": 30122,
            "price": "0.19910000",
            "qty": "375.70000000",
            "quoteQty": "74.80187000",
            "time": 1732240359995,
            "isBuyerMaker": false,
            "isBestMatch": true
        },
        {
            "id": 30123,
            "price": "0.19930000",
            "qty": "1781.30000000",
            "quoteQty": "355.01309000",
            "time": 1732240455228,
            "isBuyerMaker": false,
            "isBestMatch": true
        },
        {
            "id": 30124,
            "price": "0.19930000",
            "qty": "200.70000000",
            "quoteQty": "39.99951000",
            "time": 1732240455228,
            "isBuyerMaker": false,
            "isBestMatch": true
        },
        {
            "id": 30125,
            "price": "0.19930000",
            "qty": "1731.10000000",
            "quoteQty": "345.00823000",
            "time": 1732240513937,
            "isBuyerMaker": false,
            "isBestMatch": true
        },
        {
            "id": 30126,
            "price": "0.19930000",
            "qty": "2007.10000000",
            "quoteQty": "400.01503000",
            "time": 1732240587600,
            "isBuyerMaker": false,
            "isBestMatch": true
        },
        {
            "id": 30127,
            "price": "0.19920000",
            "qty": "1606.50000000",
            "quoteQty": "320.01480000",
            "time": 1732240646581,
            "isBuyerMaker": false,
            "isBestMatch": true
        },
        {
            "id": 30128,
            "price": "0.19920000",
            "qty": "2383.40000000",
            "quoteQty": "474.77328000",
            "time": 1732240653544,
            "isBuyerMaker": false,
            "isBestMatch": true
        },
        {
            "id": 30129,
            "price": "0.19920000",
            "qty": "1355.50000000",
            "quoteQty": "270.01560000",
            "time": 1732240732953,
            "isBuyerMaker": false,
            "isBestMatch": true
        },
        {
            "id": 30130,
            "price": "0.19920000",
            "qty": "1530.40000000",
            "quoteQty": "304.85568000",
            "time": 1732240744622,
            "isBuyerMaker": false,
            "isBestMatch": true
        },
        {
            "id": 30131,
            "price": "0.19920000",
            "qty": "2108.50000000",
            "quoteQty": "420.01320000",
            "time": 1732240785802,
            "isBuyerMaker": false,
            "isBestMatch": true
        },
        {
            "id": 30132,
            "price": "0.19920000",
            "qty": "2258.00000000",
            "quoteQty": "449.79360000",
            "time": 1732240798502,
            "isBuyerMaker": false,
            "isBestMatch": true
        },
        {
            "id": 30133,
            "price": "0.19930000",
            "qty": "1806.40000000",
            "quoteQty": "360.01552000",
            "time": 1732240861222,
            "isBuyerMaker": false,
            "isBestMatch": true
        },
        {
            "id": 30134,
            "price": "0.19930000",
            "qty": "1429.30000000",
            "quoteQty": "284.85949000",
            "time": 1732240902111,
            "isBuyerMaker": false,
            "isBestMatch": true
        },
        {
            "id": 30135,
            "price": "0.19940000",
            "qty": "1830.50000000",
            "quoteQty": "365.00170000",
            "time": 1732240960016,
            "isBuyerMaker": false,
            "isBestMatch": true
        },
        {
            "id": 30136,
            "price": "0.19940000",
            "qty": "1680.10000000",
            "quoteQty": "335.01194000",
            "time": 1732241040634,
            "isBuyerMaker": false,
            "isBestMatch": true
        },
        {
            "id": 30137,
            "price": "0.19940000",
            "qty": "1328.40000000",
            "quoteQty": "264.88296000",
            "time": 1732241089289,
            "isBuyerMaker": false,
            "isBestMatch": true
        },
        {
            "id": 30138,
            "price": "0.19940000",
            "qty": "1955.90000000",
            "quoteQty": "390.00646000",
            "time": 1732241099360,
            "isBuyerMaker": false,
            "isBestMatch": true
        },
        {
            "id": 30139,
            "price": "0.19950000",
            "qty": "1654.20000000",
            "quoteQty": "330.01290000",
            "time": 1732241147765,
            "isBuyerMaker": false,
            "isBestMatch": true
        },
        {
            "id": 30140,
            "price": "0.19950000",
            "qty": "1378.50000000",
            "quoteQty": "275.01075000",
            "time": 1732241272543,
            "isBuyerMaker": false,
            "isBestMatch": true
        },
        {
            "id": 30141,
            "price": "0.19950000",
            "qty": "451.10000000",
            "quoteQty": "89.99445000",
            "time": 1732241272543,
            "isBuyerMaker": false,
            "isBestMatch": true
        },
        {
            "id": 30142,
            "price": "0.19950000",
            "qty": "3090.00000000",
            "quoteQty": "616.45500000",
            "time": 1732242009056,
            "isBuyerMaker": true,
            "isBestMatch": true
        },
        {
            "id": 30143,
            "price": "0.19960000",
            "qty": "1402.90000000",
            "quoteQty": "280.01884000",
            "time": 1732242135247,
            "isBuyerMaker": false,
            "isBestMatch": true
        },
        {
            "id": 30144,
            "price": "0.19960000",
            "qty": "1578.20000000",
            "quoteQty": "315.00872000",
            "time": 1732242176228,
            "isBuyerMaker": false,
            "isBestMatch": true
        },
        {
            "id": 30145,
            "price": "0.19970000",
            "qty": "1978.00000000",
            "quoteQty": "395.00660000",
            "time": 1732242208321,
            "isBuyerMaker": false,
            "isBestMatch": true
        },
        {
            "id": 30146,
            "price": "0.19980000",
            "qty": "2102.20000000",
            "quoteQty": "420.01956000",
            "time": 1732242354416,
            "isBuyerMaker": false,
            "isBestMatch": true
        },
        {
            "id": 30147,
            "price": "0.19990000",
            "qty": "2301.20000000",
            "quoteQty": "460.00988000",
            "time": 1732242523135,
            "isBuyerMaker": false,
            "isBestMatch": true
        },
        {
            "id": 30148,
            "price": "0.20000000",
            "qty": "98.80000000",
            "quoteQty": "19.76000000",
            "time": 1732242523135,
            "isBuyerMaker": false,
            "isBestMatch": true
        },
        {
            "id": 30149,
            "price": "0.20000000",
            "qty": "2250.00000000",
            "quoteQty": "450.00000000",
            "time": 1732242570068,
            "isBuyerMaker": true,
            "isBestMatch": true
        },
        {
            "id": 30150,
            "price": "0.19990000",
            "qty": "1976.00000000",
            "quoteQty": "395.00240000",
            "time": 1732242646789,
            "isBuyerMaker": true,
            "isBestMatch": true
        },
        {
            "id": 30151,
            "price": "0.19980000",
            "qty": "2102.20000000",
            "quoteQty": "420.01956000",
            "time": 1732242661341,
            "isBuyerMaker": true,
            "isBestMatch": true
        },
        {
            "id": 30152,
            "price": "0.19970000",
            "qty": "1327.00000000",
            "quoteQty": "265.00190000",
            "time": 1732242677646,
            "isBuyerMaker": true,
            "isBestMatch": true
        },
        {
            "id": 30153,
            "price": "0.19970000",
            "qty": "1176.80000000",
            "quoteQty": "235.00696000",
            "time": 1732242710725,
            "isBuyerMaker": false,
            "isBestMatch": true
        },
        {
            "id": 30154,
            "price": "0.19980000",
            "qty": "100.10000000",
            "quoteQty": "19.99998000",
            "time": 1732242714340,
            "isBuyerMaker": false,
            "isBestMatch": true
        },
        {
            "id": 30155,
            "price": "0.19980000",
            "qty": "1276.30000000",
            "quoteQty": "255.00474000",
            "time": 1732242725497,
            "isBuyerMaker": false,
            "isBestMatch": true
        },
        {
            "id": 30156,
            "price": "0.19970000",
            "qty": "2028.10000000",
            "quoteQty": "405.01157000",
            "time": 1732242777444,
            "isBuyerMaker": false,
            "isBestMatch": true
        },
        {
            "id": 30157,
            "price": "0.19970000",
            "qty": "1277.00000000",
            "quoteQty": "255.01690000",
            "time": 1732242839890,
            "isBuyerMaker": false,
            "isBestMatch": true
        },
        {
            "id": 30158,
            "price": "0.19980000",
            "qty": "1751.80000000",
            "quoteQty": "350.00964000",
            "time": 1732242845244,
            "isBuyerMaker": false,
            "isBestMatch": true
        },
        {
            "id": 30159,
            "price": "0.19980000",
            "qty": "250.30000000",
            "quoteQty": "50.00994000",
            "time": 1732242845244,
            "isBuyerMaker": false,
            "isBestMatch": true
        },
        {
            "id": 30160,
            "price": "0.19990000",
            "qty": "1600.90000000",
            "quoteQty": "320.01991000",
            "time": 1732242858608,
            "isBuyerMaker": false,
            "isBestMatch": true
        },
        {
            "id": 30161,
            "price": "0.19990000",
            "qty": "775.30000000",
            "quoteQty": "154.98247000",
            "time": 1732242858608,
            "isBuyerMaker": false,
            "isBestMatch": true
        },
        {
            "id": 30162,
            "price": "0.19990000",
            "qty": "1775.90000000",
            "quoteQty": "355.00241000",
            "time": 1732242865052,
            "isBuyerMaker": false,
            "isBestMatch": true
        },
        {
            "id": 30163,
            "price": "0.19960000",
            "qty": "1979.00000000",
            "quoteQty": "395.00840000",
            "time": 1732242979898,
            "isBuyerMaker": false,
            "isBestMatch": true
        },
        {
            "id": 30164,
            "price": "0.19970000",
            "qty": "1752.70000000",
            "quoteQty": "350.01419000",
            "time": 1732242991885,
            "isBuyerMaker": false,
            "isBestMatch": true
        },
        {
            "id": 30165,
            "price": "0.19960000",
            "qty": "2404.90000000",
            "quoteQty": "480.01804000",
            "time": 1732243037433,
            "isBuyerMaker": true,
            "isBestMatch": true
        },
        {
            "id": 30166,
            "price": "0.19960000",
            "qty": "2204.50000000",
            "quoteQty": "440.01820000",
            "time": 1732243044972,
            "isBuyerMaker": true,
            "isBestMatch": true
        },
        {
            "id": 30167,
            "price": "0.19960000",
            "qty": "1277.60000000",
            "quoteQty": "255.00896000",
            "time": 1732243145305,
            "isBuyerMaker": false,
            "isBestMatch": true
        },
        {
            "id": 30168,
            "price": "0.19960000",
            "qty": "1377.80000000",
            "quoteQty": "275.00888000",
            "time": 1732243192551,
            "isBuyerMaker": true,
            "isBestMatch": true
        },
        {
            "id": 30169,
            "price": "0.19960000",
            "qty": "1352.80000000",
            "quoteQty": "270.01888000",
            "time": 1732243227079,
            "isBuyerMaker": false,
            "isBestMatch": true
        },
        {
            "id": 30170,
            "price": "0.19960000",
            "qty": "1478.00000000",
            "quoteQty": "295.00880000",
            "time": 1732243299877,
            "isBuyerMaker": false,
            "isBestMatch": true
        },
        {
            "id": 30171,
            "price": "0.19960000",
            "qty": "2154.40000000",
            "quoteQty": "430.01824000",
            "time": 1732243511490,
            "isBuyerMaker": false,
            "isBestMatch": true
        },
        {
            "id": 30172,
            "price": "0.19950000",
            "qty": "2255.70000000",
            "quoteQty": "450.01215000",
            "time": 1732243599820,
            "isBuyerMaker": false,
            "isBestMatch": true
        },
        {
            "id": 30173,
            "price": "0.19940000",
            "qty": "502.80000000",
            "quoteQty": "100.25832000",
            "time": 1732243607281,
            "isBuyerMaker": true,
            "isBestMatch": true
        },
        {
            "id": 30174,
            "price": "0.19940000",
            "qty": "1404.30000000",
            "quoteQty": "280.01742000",
            "time": 1732243669550,
            "isBuyerMaker": false,
            "isBestMatch": true
        },
        {
            "id": 30175,
            "price": "0.19940000",
            "qty": "576.70000000",
            "quoteQty": "114.99398000",
            "time": 1732243669550,
            "isBuyerMaker": false,
            "isBestMatch": true
        },
        {
            "id": 30176,
            "price": "0.19940000",
            "qty": "1554.70000000",
            "quoteQty": "310.00718000",
            "time": 1732243682729,
            "isBuyerMaker": false,
            "isBestMatch": true
        },
        {
            "id": 30177,
            "price": "0.19940000",
            "qty": "1680.10000000",
            "quoteQty": "335.01194000",
            "time": 1732243727707,
            "isBuyerMaker": false,
            "isBestMatch": true
        },
        {
            "id": 30178,
            "price": "0.19940000",
            "qty": "2031.10000000",
            "quoteQty": "405.00134000",
            "time": 1732243798680,
            "isBuyerMaker": false,
            "isBestMatch": true
        },
        {
            "id": 30179,
            "price": "0.19940000",
            "qty": "2080.30000000",
            "quoteQty": "414.81182000",
            "time": 1732243823155,
            "isBuyerMaker": false,
            "isBestMatch": true
        },
        {
            "id": 30180,
            "price": "0.19950000",
            "qty": "1378.50000000",
            "quoteQty": "275.01075000",
            "time": 1732243877069,
            "isBuyerMaker": false,
            "isBestMatch": true
        },
        {
            "id": 30181,
            "price": "0.19940000",
            "qty": "1529.60000000",
            "quoteQty": "305.00224000",
            "time": 1732243901334,
            "isBuyerMaker": false,
            "isBestMatch": true
        },
        {
            "id": 30182,
            "price": "0.19930000",
            "qty": "1530.40000000",
            "quoteQty": "305.00872000",
            "time": 1732244011959,
            "isBuyerMaker": true,
            "isBestMatch": true
        },
        {
            "id": 30183,
            "price": "0.19940000",
            "qty": "1253.80000000",
            "quoteQty": "250.00772000",
            "time": 1732244045820,
            "isBuyerMaker": false,
            "isBestMatch": true
        },
        {
            "id": 30184,
            "price": "0.19940000",
            "qty": "1880.70000000",
            "quoteQty": "375.01158000",
            "time": 1732244047776,
            "isBuyerMaker": true,
            "isBestMatch": true
        },
        {
            "id": 30185,
            "price": "0.19940000",
            "qty": "1955.90000000",
            "quoteQty": "390.00646000",
            "time": 1732244085270,
            "isBuyerMaker": true,
            "isBestMatch": true
        },
        {
            "id": 30186,
            "price": "0.19950000",
            "qty": "2005.10000000",
            "quoteQty": "400.01745000",
            "time": 1732244117267,
            "isBuyerMaker": false,
            "isBestMatch": true
        },
        {
            "id": 30187,
            "price": "0.19960000",
            "qty": "147.10000000",
            "quoteQty": "29.36116000",
            "time": 1732244117267,
            "isBuyerMaker": false,
            "isBestMatch": true
        },
        {
            "id": 30188,
            "price": "0.19960000",
            "qty": "2232.70000000",
            "quoteQty": "445.64692000",
            "time": 1732244117288,
            "isBuyerMaker": false,
            "isBestMatch": true
        },
        {
            "id": 30189,
            "price": "0.19970000",
            "qty": "45.80000000",
            "quoteQty": "9.14626000",
            "time": 1732244117288,
            "isBuyerMaker": false,
            "isBestMatch": true
        },
        {
            "id": 30190,
            "price": "0.19970000",
            "qty": "2207.60000000",
            "quoteQty": "440.85772000",
            "time": 1732244137967,
            "isBuyerMaker": false,
            "isBestMatch": true
        },
        {
            "id": 30191,
            "price": "0.19980000",
            "qty": "169.80000000",
            "quoteQty": "33.92604000",
            "time": 1732244137967,
            "isBuyerMaker": false,
            "isBestMatch": true
        },
        {
            "id": 30192,
            "price": "0.19980000",
            "qty": "1726.80000000",
            "quoteQty": "345.01464000",
            "time": 1732244145730,
            "isBuyerMaker": false,
            "isBestMatch": true
        },
        {
            "id": 30193,
            "price": "0.19980000",
            "qty": "1902.00000000",
            "quoteQty": "380.01960000",
            "time": 1732244156845,
            "isBuyerMaker": false,
            "isBestMatch": true
        },
        {
            "id": 30194,
            "price": "0.19980000",
            "qty": "25.00000000",
            "quoteQty": "4.99500000",
            "time": 1732244156845,
            "isBuyerMaker": false,
            "isBestMatch": true
        },
        {
            "id": 30195,
            "price": "0.19980000",
            "qty": "1551.60000000",
            "quoteQty": "310.00968000",
            "time": 1732244236463,
            "isBuyerMaker": false,
            "isBestMatch": true
        },
        {
            "id": 30196,
            "price": "0.19980000",
            "qty": "1851.90000000",
            "quoteQty": "370.00962000",
            "time": 1732244246270,
            "isBuyerMaker": false,
            "isBestMatch": true
        },
        {
            "id": 30197,
            "price": "0.19980000",
            "qty": "1676.70000000",
            "quoteQty": "335.00466000",
            "time": 1732244361520,
            "isBuyerMaker": false,
            "isBestMatch": true
        },
        {
            "id": 30198,
            "price": "0.19980000",
            "qty": "1876.90000000",
            "quoteQty": "375.00462000",
            "time": 1732244530038,
            "isBuyerMaker": false,
            "isBestMatch": true
        },
        {
            "id": 30199,
            "price": "0.19990000",
            "qty": "2301.20000000",
            "quoteQty": "460.00988000",
            "time": 1732244647743,
            "isBuyerMaker": false,
            "isBestMatch": true
        },
        {
            "id": 30200,
            "price": "0.19990000",
            "qty": "1650.90000000",
            "quoteQty": "330.01491000",
            "time": 1732244714466,
            "isBuyerMaker": false,
            "isBestMatch": true
        },
        {
            "id": 30201,
            "price": "0.19990000",
            "qty": "2351.20000000",
            "quoteQty": "470.00488000",
            "time": 1732244755431,
            "isBuyerMaker": false,
            "isBestMatch": true
        },
        {
            "id": 30202,
            "price": "0.19990000",
            "qty": "1976.00000000",
            "quoteQty": "395.00240000",
            "time": 1732244799224,
            "isBuyerMaker": false,
            "isBestMatch": true
        },
        {
            "id": 30203,
            "price": "0.19990000",
            "qty": "1700.90000000",
            "quoteQty": "340.00991000",
            "time": 1732244876325,
            "isBuyerMaker": false,
            "isBestMatch": true
        },
        {
            "id": 30204,
            "price": "0.19990000",
            "qty": "1450.80000000",
            "quoteQty": "290.01492000",
            "time": 1732244944815,
            "isBuyerMaker": false,
            "isBestMatch": true
        },
        {
            "id": 30205,
            "price": "0.20000000",
            "qty": "2125.00000000",
            "quoteQty": "425.00000000",
            "time": 1732245008839,
            "isBuyerMaker": false,
            "isBestMatch": true
        },
        {
            "id": 30206,
            "price": "0.20010000",
            "qty": "1824.10000000",
            "quoteQty": "365.00241000",
            "time": 1732245053332,
            "isBuyerMaker": false,
            "isBestMatch": true
        },
        {
            "id": 30207,
            "price": "0.20020000",
            "qty": "2023.00000000",
            "quoteQty": "405.00460000",
            "time": 1732245062302,
            "isBuyerMaker": false,
            "isBestMatch": true
        },
        {
            "id": 30208,
            "price": "0.20020000",
            "qty": "1872.20000000",
            "quoteQty": "374.81444000",
            "time": 1732245143951,
            "isBuyerMaker": false,
            "isBestMatch": true
        },
        {
            "id": 30209,
            "price": "0.20020000",
            "qty": "2347.70000000",
            "quoteQty": "470.00954000",
            "time": 1732245147416,
            "isBuyerMaker": false,
            "isBestMatch": true
        },
        {
            "id": 30210,
            "price": "0.20030000",
            "qty": "2319.30000000",
            "quoteQty": "464.55579000",
            "time": 1732245206861,
            "isBuyerMaker": false,
            "isBestMatch": true
        },
        {
            "id": 30211,
            "price": "0.20030000",
            "qty": "2495.10000000",
            "quoteQty": "499.76853000",
            "time": 1732245208266,
            "isBuyerMaker": false,
            "isBestMatch": true
        },
        {
            "id": 30212,
            "price": "0.20030000",
            "qty": "1997.10000000",
            "quoteQty": "400.01913000",
            "time": 1732245208288,
            "isBuyerMaker": false,
            "isBestMatch": true
        },
        {
            "id": 30213,
            "price": "0.20050000",
            "qty": "1870.40000000",
            "quoteQty": "375.01520000",
            "time": 1732245223648,
            "isBuyerMaker": false,
            "isBestMatch": true
        },
        {
            "id": 30214,
            "price": "0.20050000",
            "qty": "2169.60000000",
            "quoteQty": "435.00480000",
            "time": 1732245296158,
            "isBuyerMaker": false,
            "isBestMatch": true
        },
        {
            "id": 30215,
            "price": "0.20050000",
            "qty": "1695.80000000",
            "quoteQty": "340.00790000",
            "time": 1732245412361,
            "isBuyerMaker": false,
            "isBestMatch": true
        },
        {
            "id": 30216,
            "price": "0.20050000",
            "qty": "2293.20000000",
            "quoteQty": "459.78660000",
            "time": 1732245475988,
            "isBuyerMaker": false,
            "isBestMatch": true
        },
        {
            "id": 30217,
            "price": "0.20050000",
            "qty": "2394.10000000",
            "quoteQty": "480.01705000",
            "time": 1732245477588,
            "isBuyerMaker": false,
            "isBestMatch": true
        },
        {
            "id": 30218,
            "price": "0.20060000",
            "qty": "2218.40000000",
            "quoteQty": "445.01104000",
            "time": 1732245540517,
            "isBuyerMaker": false,
            "isBestMatch": true
        },
        {
            "id": 30219,
            "price": "0.20060000",
            "qty": "1769.70000000",
            "quoteQty": "355.00182000",
            "time": 1732245581392,
            "isBuyerMaker": false,
            "isBestMatch": true
        },
        {
            "id": 30220,
            "price": "0.20050000",
            "qty": "1496.30000000",
            "quoteQty": "300.00815000",
            "time": 1732245707648,
            "isBuyerMaker": true,
            "isBestMatch": true
        },
        {
            "id": 30221,
            "price": "0.20050000",
            "qty": "1971.10000000",
            "quoteQty": "395.20555000",
            "time": 1732245725892,
            "isBuyerMaker": true,
            "isBestMatch": true
        },
        {
            "id": 30222,
            "price": "0.20050000",
            "qty": "2344.20000000",
            "quoteQty": "470.01210000",
            "time": 1732245735880,
            "isBuyerMaker": true,
            "isBestMatch": true
        },
        {
            "id": 30223,
            "price": "0.20060000",
            "qty": "2491.30000000",
            "quoteQty": "499.75478000",
            "time": 1732245759882,
            "isBuyerMaker": false,
            "isBestMatch": true
        },
        {
            "id": 30224,
            "price": "0.20060000",
            "qty": "2318.10000000",
            "quoteQty": "465.01086000",
            "time": 1732245759901,
            "isBuyerMaker": false,
            "isBestMatch": true
        },
        {
            "id": 30225,
            "price": "0.20060000",
            "qty": "1271.20000000",
            "quoteQty": "255.00272000",
            "time": 1732245789663,
            "isBuyerMaker": false,
            "isBestMatch": true
        },
        {
            "id": 30226,
            "price": "0.20060000",
            "qty": "1469.90000000",
            "quoteQty": "294.86194000",
            "time": 1732245851146,
            "isBuyerMaker": false,
            "isBestMatch": true
        },
        {
            "id": 30227,
            "price": "0.20060000",
            "qty": "2168.50000000",
            "quoteQty": "435.00110000",
            "time": 1732245851163,
            "isBuyerMaker": false,
            "isBestMatch": true
        },
        {
            "id": 30228,
            "price": "0.20070000",
            "qty": "1893.40000000",
            "quoteQty": "380.00538000",
            "time": 1732245930566,
            "isBuyerMaker": false,
            "isBestMatch": true
        },
        {
            "id": 30229,
            "price": "0.20070000",
            "qty": "2066.80000000",
            "quoteQty": "414.80676000",
            "time": 1732245937269,
            "isBuyerMaker": false,
            "isBestMatch": true
        },
        {
            "id": 30230,
            "price": "0.20070000",
            "qty": "2314.60000000",
            "quoteQty": "464.54022000",
            "time": 1732245968291,
            "isBuyerMaker": false,
            "isBestMatch": true
        },
        {
            "id": 30231,
            "price": "0.20070000",
            "qty": "2441.50000000",
            "quoteQty": "490.00905000",
            "time": 1732246003519,
            "isBuyerMaker": false,
            "isBestMatch": true
        },
        {
            "id": 30232,
            "price": "0.20080000",
            "qty": "1369.60000000",
            "quoteQty": "275.01568000",
            "time": 1732246044324,
            "isBuyerMaker": false,
            "isBestMatch": true
        },
        {
            "id": 30233,
            "price": "0.20080000",
            "qty": "423.30000000",
            "quoteQty": "84.99864000",
            "time": 1732246044324,
            "isBuyerMaker": false,
            "isBestMatch": true
        },
        {
            "id": 30234,
            "price": "0.20080000",
            "qty": "2041.90000000",
            "quoteQty": "410.01352000",
            "time": 1732246073987,
            "isBuyerMaker": false,
            "isBestMatch": true
        },
        {
            "id": 30235,
            "price": "0.20080000",
            "qty": "2191.30000000",
            "quoteQty": "440.01304000",
            "time": 1732246142031,
            "isBuyerMaker": false,
            "isBestMatch": true
        },
        {
            "id": 30236,
            "price": "0.20070000",
            "qty": "1968.20000000",
            "quoteQty": "395.01774000",
            "time": 1732246204376,
            "isBuyerMaker": true,
            "isBestMatch": true
        },
        {
            "id": 30237,
            "price": "0.20070000",
            "qty": "74.70000000",
            "quoteQty": "14.99229000",
            "time": 1732246225729,
            "isBuyerMaker": false,
            "isBestMatch": true
        },
        {
            "id": 30238,
            "price": "0.20070000",
            "qty": "2092.80000000",
            "quoteQty": "420.02496000",
            "time": 1732246323849,
            "isBuyerMaker": true,
            "isBestMatch": true
        },
        {
            "id": 30239,
            "price": "0.20060000",
            "qty": "1507.70000000",
            "quoteQty": "302.44462000",
            "time": 1732246323849,
            "isBuyerMaker": true,
            "isBestMatch": true
        },
        {
            "id": 30240,
            "price": "0.20060000",
            "qty": "1370.90000000",
            "quoteQty": "275.00254000",
            "time": 1732246501342,
            "isBuyerMaker": false,
            "isBestMatch": true
        },
        {
            "id": 30241,
            "price": "0.20060000",
            "qty": "1719.90000000",
            "quoteQty": "345.01194000",
            "time": 1732246532897,
            "isBuyerMaker": false,
            "isBestMatch": true
        },
        {
            "id": 30242,
            "price": "0.20060000",
            "qty": "448.60000000",
            "quoteQty": "89.98916000",
            "time": 1732246532897,
            "isBuyerMaker": false,
            "isBestMatch": true
        },
        {
            "id": 30243,
            "price": "0.20050000",
            "qty": "1996.10000000",
            "quoteQty": "400.21805000",
            "time": 1732246611664,
            "isBuyerMaker": true,
            "isBestMatch": true
        },
        {
            "id": 30244,
            "price": "0.20050000",
            "qty": "2219.50000000",
            "quoteQty": "445.00975000",
            "time": 1732246612953,
            "isBuyerMaker": true,
            "isBestMatch": true
        },
        {
            "id": 30245,
            "price": "0.20050000",
            "qty": "1671.70000000",
            "quoteQty": "335.17585000",
            "time": 1732246619618,
            "isBuyerMaker": true,
            "isBestMatch": true
        },
        {
            "id": 30246,
            "price": "0.20040000",
            "qty": "1397.30000000",
            "quoteQty": "280.01892000",
            "time": 1732246629763,
            "isBuyerMaker": true,
            "isBestMatch": true
        },
        {
            "id": 30247,
            "price": "0.20040000",
            "qty": "1871.30000000",
            "quoteQty": "375.00852000",
            "time": 1732246664466,
            "isBuyerMaker": false,
            "isBestMatch": true
        },
        {
            "id": 30248,
            "price": "0.20060000",
            "qty": "1346.00000000",
            "quoteQty": "270.00760000",
            "time": 1732246771159,
            "isBuyerMaker": false,
            "isBestMatch": true
        },
        {
            "id": 30249,
            "price": "0.20060000",
            "qty": "1246.30000000",
            "quoteQty": "250.00778000",
            "time": 1732246774328,
            "isBuyerMaker": true,
            "isBestMatch": true
        },
        {
            "id": 30250,
            "price": "0.20050000",
            "qty": "1945.20000000",
            "quoteQty": "390.01260000",
            "time": 1732246810277,
            "isBuyerMaker": false,
            "isBestMatch": true
        },
        {
            "id": 30251,
            "price": "0.20040000",
            "qty": "2021.00000000",
            "quoteQty": "405.00840000",
            "time": 1732246828475,
            "isBuyerMaker": false,
            "isBestMatch": true
        },
        {
            "id": 30252,
            "price": "0.20050000",
            "qty": "1421.50000000",
            "quoteQty": "285.01075000",
            "time": 1732246835756,
            "isBuyerMaker": false,
            "isBestMatch": true
        },
        {
            "id": 30253,
            "price": "0.20040000",
            "qty": "2194.60000000",
            "quoteQty": "439.79784000",
            "time": 1732246843363,
            "isBuyerMaker": false,
            "isBestMatch": true
        },
        {
            "id": 30254,
            "price": "0.20050000",
            "qty": "1970.10000000",
            "quoteQty": "395.00505000",
            "time": 1732246851831,
            "isBuyerMaker": false,
            "isBestMatch": true
        },
        {
            "id": 30255,
            "price": "0.20040000",
            "qty": "499.00000000",
            "quoteQty": "99.99960000",
            "time": 1732246924006,
            "isBuyerMaker": false,
            "isBestMatch": true
        },
        {
            "id": 30256,
            "price": "0.20020000",
            "qty": "1773.30000000",
            "quoteQty": "355.01466000",
            "time": 1732246980072,
            "isBuyerMaker": false,
            "isBestMatch": true
        },
        {
            "id": 30257,
            "price": "0.20020000",
            "qty": "1547.70000000",
            "quoteQty": "309.84954000",
            "time": 1732247027721,
            "isBuyerMaker": false,
            "isBestMatch": true
        },
        {
            "id": 30258,
            "price": "0.20020000",
            "qty": "1623.40000000",
            "quoteQty": "325.00468000",
            "time": 1732247115247,
            "isBuyerMaker": false,
            "isBestMatch": true
        },
        {
            "id": 30259,
            "price": "0.20010000",
            "qty": "1349.40000000",
            "quoteQty": "270.01494000",
            "time": 1732247180653,
            "isBuyerMaker": false,
            "isBestMatch": true
        },
        {
            "id": 30260,
            "price": "0.20010000",
            "qty": "1248.80000000",
            "quoteQty": "249.88488000",
            "time": 1732247202274,
            "isBuyerMaker": false,
            "isBestMatch": true
        },
        {
            "id": 30261,
            "price": "0.20010000",
            "qty": "1624.20000000",
            "quoteQty": "325.00242000",
            "time": 1732247219312,
            "isBuyerMaker": false,
            "isBestMatch": true
        },
        {
            "id": 30262,
            "price": "0.20010000",
            "qty": "1423.60000000",
            "quoteQty": "284.86236000",
            "time": 1732247221437,
            "isBuyerMaker": false,
            "isBestMatch": true
        },
        {
            "id": 30263,
            "price": "0.20020000",
            "qty": "2121.90000000",
            "quoteQty": "424.80438000",
            "time": 1732247271408,
            "isBuyerMaker": false,
            "isBestMatch": true
        },
        {
            "id": 30264,
            "price": "0.20020000",
            "qty": "2447.60000000",
            "quoteQty": "490.00952000",
            "time": 1732247289996,
            "isBuyerMaker": false,
            "isBestMatch": true
        },
        {
            "id": 30265,
            "price": "0.20030000",
            "qty": "1373.00000000",
            "quoteQty": "275.01190000",
            "time": 1732247335142,
            "isBuyerMaker": false,
            "isBestMatch": true
        },
        {
            "id": 30266,
            "price": "0.20040000",
            "qty": "1596.90000000",
            "quoteQty": "320.01876000",
            "time": 1732247461749,
            "isBuyerMaker": false,
            "isBestMatch": true
        },
        {
            "id": 30267,
            "price": "0.20050000",
            "qty": "1745.70000000",
            "quoteQty": "350.01285000",
            "time": 1732247480691,
            "isBuyerMaker": false,
            "isBestMatch": true
        },
        {
            "id": 30268,
            "price": "0.20050000",
            "qty": "598.50000000",
            "quoteQty": "119.99925000",
            "time": 1732247480691,
            "isBuyerMaker": false,
            "isBestMatch": true
        },
        {
            "id": 30269,
            "price": "0.20060000",
            "qty": "1944.20000000",
            "quoteQty": "390.00652000",
            "time": 1732247586819,
            "isBuyerMaker": false,
            "isBestMatch": true
        },
        {
            "id": 30270,
            "price": "0.20060000",
            "qty": "1695.00000000",
            "quoteQty": "340.01700000",
            "time": 1732247666924,
            "isBuyerMaker": true,
            "isBestMatch": true
        },
        {
            "id": 30271,
            "price": "0.20050000",
            "qty": "2319.30000000",
            "quoteQty": "465.01965000",
            "time": 1732247805348,
            "isBuyerMaker": true,
            "isBestMatch": true
        },
        {
            "id": 30272,
            "price": "0.20050000",
            "qty": "1246.90000000",
            "quoteQty": "250.00345000",
            "time": 1732247820972,
            "isBuyerMaker": true,
            "isBestMatch": true
        },
        {
            "id": 30273,
            "price": "0.20050000",
            "qty": "1696.70000000",
            "quoteQty": "340.18835000",
            "time": 1732247833129,
            "isBuyerMaker": true,
            "isBestMatch": true
        },
        {
            "id": 30274,
            "price": "0.20050000",
            "qty": "1696.70000000",
            "quoteQty": "340.18835000",
            "time": 1732247862552,
            "isBuyerMaker": true,
            "isBestMatch": true
        },
        {
            "id": 30275,
            "price": "0.20040000",
            "qty": "1422.90000000",
            "quoteQty": "285.14916000",
            "time": 1732247892292,
            "isBuyerMaker": true,
            "isBestMatch": true
        },
        {
            "id": 30276,
            "price": "0.20040000",
            "qty": "1972.10000000",
            "quoteQty": "395.20884000",
            "time": 1732247901602,
            "isBuyerMaker": true,
            "isBestMatch": true
        },
        {
            "id": 30277,
            "price": "0.20030000",
            "qty": "2146.80000000",
            "quoteQty": "430.00404000",
            "time": 1732247979655,
            "isBuyerMaker": true,
            "isBestMatch": true
        },
        {
            "id": 30278,
            "price": "0.20030000",
            "qty": "2096.90000000",
            "quoteQty": "420.00907000",
            "time": 1732247992422,
            "isBuyerMaker": true,
            "isBestMatch": true
        },
        {
            "id": 30279,
            "price": "0.20030000",
            "qty": "1947.10000000",
            "quoteQty": "390.00413000",
            "time": 1732248052805,
            "isBuyerMaker": false,
            "isBestMatch": true
        },
        {
            "id": 30280,
            "price": "0.20020000",
            "qty": "2322.70000000",
            "quoteQty": "465.00454000",
            "time": 1732248131787,
            "isBuyerMaker": true,
            "isBestMatch": true
        },
        {
            "id": 30281,
            "price": "0.20030000",
            "qty": "1772.40000000",
            "quoteQty": "355.01172000",
            "time": 1732248204225,
            "isBuyerMaker": false,
            "isBestMatch": true
        },
        {
            "id": 30282,
            "price": "0.20030000",
            "qty": "174.70000000",
            "quoteQty": "34.99241000",
            "time": 1732248204225,
            "isBuyerMaker": false,
            "isBestMatch": true
        },
        {
            "id": 30283,
            "price": "0.20020000",
            "qty": "1348.70000000",
            "quoteQty": "270.00974000",
            "time": 1732248249701,
            "isBuyerMaker": false,
            "isBestMatch": true
        },
        {
            "id": 30284,
            "price": "0.20020000",
            "qty": "1522.80000000",
            "quoteQty": "304.86456000",
            "time": 1732248273239,
            "isBuyerMaker": false,
            "isBestMatch": true
        },
        {
            "id": 30285,
            "price": "0.20040000",
            "qty": "1646.80000000",
            "quoteQty": "330.01872000",
            "time": 1732248300355,
            "isBuyerMaker": false,
            "isBestMatch": true
        },
        {
            "id": 30286,
            "price": "0.20030000",
            "qty": "1372.30000000",
            "quoteQty": "274.87169000",
            "time": 1732248376132,
            "isBuyerMaker": false,
            "isBestMatch": true
        },
        {
            "id": 30287,
            "price": "0.20030000",
            "qty": "2421.40000000",
            "quoteQty": "485.00642000",
            "time": 1732248379774,
            "isBuyerMaker": false,
            "isBestMatch": true
        },
        {
            "id": 30288,
            "price": "0.20040000",
            "qty": "1469.90000000",
            "quoteQty": "294.56796000",
            "time": 1732248388865,
            "isBuyerMaker": false,
            "isBestMatch": true
        },
        {
            "id": 30289,
            "price": "0.20040000",
            "qty": "2168.50000000",
            "quoteQty": "434.56740000",
            "time": 1732248388888,
            "isBuyerMaker": false,
            "isBestMatch": true
        },
        {
            "id": 30290,
            "price": "0.20040000",
            "qty": "1546.20000000",
            "quoteQty": "309.85848000",
            "time": 1732248391843,
            "isBuyerMaker": false,
            "isBestMatch": true
        },
        {
            "id": 30291,
            "price": "0.20060000",
            "qty": "1271.20000000",
            "quoteQty": "255.00272000",
            "time": 1732248450319,
            "isBuyerMaker": false,
            "isBestMatch": true
        },
        {
            "id": 30292,
            "price": "0.20070000",
            "qty": "1594.50000000",
            "quoteQty": "320.01615000",
            "time": 1732248664331,
            "isBuyerMaker": false,
            "isBestMatch": true
        },
        {
            "id": 30293,
            "price": "0.20070000",
            "qty": "1320.40000000",
            "quoteQty": "265.00428000",
            "time": 1732248831145,
            "isBuyerMaker": false,
            "isBestMatch": true
        },
        {
            "id": 30294,
            "price": "0.20070000",
            "qty": "448.50000000",
            "quoteQty": "90.01395000",
            "time": 1732248831145,
            "isBuyerMaker": false,
            "isBestMatch": true
        },
        {
            "id": 30295,
            "price": "0.20070000",
            "qty": "1993.10000000",
            "quoteQty": "400.01517000",
            "time": 1732248916219,
            "isBuyerMaker": false,
            "isBestMatch": true
        },
        {
            "id": 30296,
            "price": "0.20060000",
            "qty": "1420.80000000",
            "quoteQty": "285.01248000",
            "time": 1732248957895,
            "isBuyerMaker": false,
            "isBestMatch": true
        },
        {
            "id": 30297,
            "price": "0.20070000",
            "qty": "1370.30000000",
            "quoteQty": "275.01921000",
            "time": 1732248976316,
            "isBuyerMaker": false,
            "isBestMatch": true
        },
        {
            "id": 30298,
            "price": "0.20070000",
            "qty": "1893.40000000",
            "quoteQty": "380.00538000",
            "time": 1732248977330,
            "isBuyerMaker": true,
            "isBestMatch": true
        },
        {
            "id": 30299,
            "price": "0.20040000",
            "qty": "2021.00000000",
            "quoteQty": "405.00840000",
            "time": 1732249144605,
            "isBuyerMaker": true,
            "isBestMatch": true
        },
        {
            "id": 30300,
            "price": "0.20040000",
            "qty": "1622.60000000",
            "quoteQty": "325.16904000",
            "time": 1732249257391,
            "isBuyerMaker": true,
            "isBestMatch": true
        },
        {
            "id": 30301,
            "price": "0.20040000",
            "qty": "2495.10000000",
            "quoteQty": "500.01804000",
            "time": 1732249257405,
            "isBuyerMaker": true,
            "isBestMatch": true
        },
        {
            "id": 30302,
            "price": "0.20050000",
            "qty": "1296.80000000",
            "quoteQty": "260.00840000",
            "time": 1732249389990,
            "isBuyerMaker": false,
            "isBestMatch": true
        },
        {
            "id": 30303,
            "price": "0.20050000",
            "qty": "1596.10000000",
            "quoteQty": "320.01805000",
            "time": 1732249394731,
            "isBuyerMaker": true,
            "isBestMatch": true
        },
        {
            "id": 30304,
            "price": "0.20060000",
            "qty": "2143.60000000",
            "quoteQty": "430.00616000",
            "time": 1732249427507,
            "isBuyerMaker": false,
            "isBestMatch": true
        },
        {
            "id": 30305,
            "price": "0.20070000",
            "qty": "1743.90000000",
            "quoteQty": "350.00073000",
            "time": 1732249457038,
            "isBuyerMaker": false,
            "isBestMatch": true
        },
        {
            "id": 30306,
            "price": "0.20080000",
            "qty": "1792.90000000",
            "quoteQty": "360.01432000",
            "time": 1732249474497,
            "isBuyerMaker": false,
            "isBestMatch": true
        },
        {
            "id": 30307,
            "price": "0.20080000",
            "qty": "1294.90000000",
            "quoteQty": "260.01592000",
            "time": 1732249494650,
            "isBuyerMaker": false,
            "isBestMatch": true
        },
        {
            "id": 30308,
            "price": "0.20090000",
            "qty": "1418.70000000",
            "quoteQty": "285.01683000",
            "time": 1732249670542,
            "isBuyerMaker": false,
            "isBestMatch": true
        },
        {
            "id": 30309,
            "price": "0.20090000",
            "qty": "2389.30000000",
            "quoteQty": "480.01037000",
            "time": 1732249730554,
            "isBuyerMaker": false,
            "isBestMatch": true
        },
        {
            "id": 30310,
            "price": "0.20070000",
            "qty": "499.00000000",
            "quoteQty": "100.14930000",
            "time": 1732249743646,
            "isBuyerMaker": true,
            "isBestMatch": true
        },
        {
            "id": 30311,
            "price": "0.20100000",
            "qty": "1816.00000000",
            "quoteQty": "365.01600000",
            "time": 1732249914012,
            "isBuyerMaker": false,
            "isBestMatch": true
        },
        {
            "id": 30312,
            "price": "0.20100000",
            "qty": "1990.10000000",
            "quoteQty": "400.01010000",
            "time": 1732250145294,
            "isBuyerMaker": false,
            "isBestMatch": true
        },
        {
            "id": 30313,
            "price": "0.20090000",
            "qty": "1518.20000000",
            "quoteQty": "305.00638000",
            "time": 1732250206945,
            "isBuyerMaker": false,
            "isBestMatch": true
        },
        {
            "id": 30314,
            "price": "0.20090000",
            "qty": "323.60000000",
            "quoteQty": "65.01124000",
            "time": 1732250206945,
            "isBuyerMaker": false,
            "isBestMatch": true
        },
        {
            "id": 30315,
            "price": "0.20090000",
            "qty": "1916.40000000",
            "quoteQty": "385.00476000",
            "time": 1732250217065,
            "isBuyerMaker": false,
            "isBestMatch": true
        },
        {
            "id": 30316,
            "price": "0.20100000",
            "qty": "1865.70000000",
            "quoteQty": "375.00570000",
            "time": 1732250282970,
            "isBuyerMaker": false,
            "isBestMatch": true
        },
        {
            "id": 30317,
            "price": "0.20080000",
            "qty": "1668.40000000",
            "quoteQty": "335.01472000",
            "time": 1732250552004,
            "isBuyerMaker": false,
            "isBestMatch": true
        },
        {
            "id": 30318,
            "price": "0.20080000",
            "qty": "348.60000000",
            "quoteQty": "69.99888000",
            "time": 1732250552004,
            "isBuyerMaker": false,
            "isBestMatch": true
        },
        {
            "id": 30319,
            "price": "0.20070000",
            "qty": "498.50000000",
            "quoteQty": "100.04895000",
            "time": 1732250642778,
            "isBuyerMaker": false,
            "isBestMatch": true
        },
        {
            "id": 30320,
            "price": "0.20060000",
            "qty": "2193.50000000",
            "quoteQty": "440.01610000",
            "time": 1732250682789,
            "isBuyerMaker": false,
            "isBestMatch": true
        },
        {
            "id": 30321,
            "price": "0.20060000",
            "qty": "174.40000000",
            "quoteQty": "34.98464000",
            "time": 1732250682789,
            "isBuyerMaker": false,
            "isBestMatch": true
        },
        {
            "id": 30322,
            "price": "0.20050000",
            "qty": "2319.30000000",
            "quoteQty": "465.01965000",
            "time": 1732250792795,
            "isBuyerMaker": false,
            "isBestMatch": true
        },
        {
            "id": 30323,
            "price": "0.20060000",
            "qty": "1346.00000000",
            "quoteQty": "270.00760000",
            "time": 1732250795073,
            "isBuyerMaker": false,
            "isBestMatch": true
        },
        {
            "id": 30324,
            "price": "0.20060000",
            "qty": "2019.00000000",
            "quoteQty": "405.01140000",
            "time": 1732250905533,
            "isBuyerMaker": true,
            "isBestMatch": true
        },
        {
            "id": 30325,
            "price": "0.20060000",
            "qty": "1470.60000000",
            "quoteQty": "295.00236000",
            "time": 1732250914477,
            "isBuyerMaker": true,
            "isBestMatch": true
        },
        {
            "id": 30326,
            "price": "0.20050000",
            "qty": "1396.60000000",
            "quoteQty": "280.01830000",
            "time": 1732251066783,
            "isBuyerMaker": false,
            "isBestMatch": true
        },
        {
            "id": 30327,
            "price": "0.20050000",
            "qty": "1445.70000000",
            "quoteQty": "289.86285000",
            "time": 1732251192230,
            "isBuyerMaker": false,
            "isBestMatch": true
        },
        {
            "id": 30328,
            "price": "0.20050000",
            "qty": "1795.60000000",
            "quoteQty": "360.01780000",
            "time": 1732251372505,
            "isBuyerMaker": false,
            "isBestMatch": true
        },
        {
            "id": 30329,
            "price": "0.20050000",
            "qty": "1995.10000000",
            "quoteQty": "400.01755000",
            "time": 1732251545860,
            "isBuyerMaker": false,
            "isBestMatch": true
        },
        {
            "id": 30330,
            "price": "0.20050000",
            "qty": "1321.70000000",
            "quoteQty": "265.00085000",
            "time": 1732251569027,
            "isBuyerMaker": false,
            "isBestMatch": true
        },
        {
            "id": 30331,
            "price": "0.20060000",
            "qty": "1744.80000000",
            "quoteQty": "350.00688000",
            "time": 1732251811224,
            "isBuyerMaker": false,
            "isBestMatch": true
        },
        {
            "id": 30332,
            "price": "0.20070000",
            "qty": "1766.20000000",
            "quoteQty": "354.47634000",
            "time": 1732251852967,
            "isBuyerMaker": false,
            "isBestMatch": true
        },
        {
            "id": 30333,
            "price": "0.20080000",
            "qty": "1344.00000000",
            "quoteQty": "269.87520000",
            "time": 1732251854434,
            "isBuyerMaker": false,
            "isBestMatch": true
        },
        {
            "id": 30334,
            "price": "0.20080000",
            "qty": "2191.30000000",
            "quoteQty": "440.01304000",
            "time": 1732251855447,
            "isBuyerMaker": false,
            "isBestMatch": true
        },
        {
            "id": 30335,
            "price": "0.20100000",
            "qty": "1243.80000000",
            "quoteQty": "250.00380000",
            "time": 1732251904558,
            "isBuyerMaker": false,
            "isBestMatch": true
        },
        {
            "id": 30336,
            "price": "0.20090000",
            "qty": "1244.50000000",
            "quoteQty": "250.02005000",
            "time": 1732251972924,
            "isBuyerMaker": true,
            "isBestMatch": true
        },
        {
            "id": 30337,
            "price": "0.20070000",
            "qty": "178.40000000",
            "quoteQty": "35.80488000",
            "time": 1732251972924,
            "isBuyerMaker": true,
            "isBestMatch": true
        },
        {
            "id": 30338,
            "price": "0.20070000",
            "qty": "1989.10000000",
            "quoteQty": "399.21237000",
            "time": 1732251977388,
            "isBuyerMaker": true,
            "isBestMatch": true
        },
        {
            "id": 30339,
            "price": "0.20060000",
            "qty": "456.10000000",
            "quoteQty": "91.49366000",
            "time": 1732251977388,
            "isBuyerMaker": true,
            "isBestMatch": true
        },
        {
            "id": 30340,
            "price": "0.20070000",
            "qty": "1669.20000000",
            "quoteQty": "335.00844000",
            "time": 1732251980058,
            "isBuyerMaker": true,
            "isBestMatch": true
        },
        {
            "id": 30341,
            "price": "0.20070000",
            "qty": "2044.90000000",
            "quoteQty": "410.41143000",
            "time": 1732251982115,
            "isBuyerMaker": true,
            "isBestMatch": true
        },
        {
            "id": 30342,
            "price": "0.20030000",
            "qty": "1647.60000000",
            "quoteQty": "330.01428000",
            "time": 1732252043315,
            "isBuyerMaker": true,
            "isBestMatch": true
        },
        {
            "id": 30343,
            "price": "0.20010000",
            "qty": "2398.90000000",
            "quoteQty": "480.01989000",
            "time": 1732252477879,
            "isBuyerMaker": true,
            "isBestMatch": true
        },
        {
            "id": 30344,
            "price": "0.20010000",
            "qty": "498.50000000",
            "quoteQty": "99.74985000",
            "time": 1732252503607,
            "isBuyerMaker": true,
            "isBestMatch": true
        },
        {
            "id": 30345,
            "price": "0.19990000",
            "qty": "1500.80000000",
            "quoteQty": "300.00992000",
            "time": 1732252681802,
            "isBuyerMaker": true,
            "isBestMatch": true
        },
        {
            "id": 30346,
            "price": "0.19990000",
            "qty": "1375.70000000",
            "quoteQty": "275.00243000",
            "time": 1732252799724,
            "isBuyerMaker": true,
            "isBestMatch": true
        },
        {
            "id": 30347,
            "price": "0.20000000",
            "qty": "499.70000000",
            "quoteQty": "99.94000000",
            "time": 1732252806487,
            "isBuyerMaker": false,
            "isBestMatch": true
        },
        {
            "id": 30348,
            "price": "0.19980000",
            "qty": "1826.90000000",
            "quoteQty": "365.01462000",
            "time": 1732252850872,
            "isBuyerMaker": true,
            "isBestMatch": true
        },
        {
            "id": 30349,
            "price": "0.19990000",
            "qty": "1826.90000000",
            "quoteQty": "365.19731000",
            "time": 1732252983242,
            "isBuyerMaker": true,
            "isBestMatch": true
        },
        {
            "id": 30350,
            "price": "0.19990000",
            "qty": "2326.20000000",
            "quoteQty": "465.00738000",
            "time": 1732252984477,
            "isBuyerMaker": true,
            "isBestMatch": true
        },
        {
            "id": 30351,
            "price": "0.20000000",
            "qty": "1374.40000000",
            "quoteQty": "274.88000000",
            "time": 1732253024330,
            "isBuyerMaker": false,
            "isBestMatch": true
        },
        {
            "id": 30352,
            "price": "0.20000000",
            "qty": "300.60000000",
            "quoteQty": "60.12000000",
            "time": 1732253024348,
            "isBuyerMaker": false,
            "isBestMatch": true
        },
        {
            "id": 30353,
            "price": "0.20010000",
            "qty": "2099.00000000",
            "quoteQty": "420.00990000",
            "time": 1732253062904,
            "isBuyerMaker": true,
            "isBestMatch": true
        },
        {
            "id": 30354,
            "price": "0.20010000",
            "qty": "1699.20000000",
            "quoteQty": "340.00992000",
            "time": 1732253109980,
            "isBuyerMaker": true,
            "isBestMatch": true
        },
        {
            "id": 30355,
            "price": "0.20020000",
            "qty": "1548.50000000",
            "quoteQty": "310.00970000",
            "time": 1732253225816,
            "isBuyerMaker": true,
            "isBestMatch": true
        },
        {
            "id": 30356,
            "price": "0.20020000",
            "qty": "1873.20000000",
            "quoteQty": "375.01464000",
            "time": 1732253380972,
            "isBuyerMaker": true,
            "isBestMatch": true
        },
        {
            "id": 30357,
            "price": "0.20020000",
            "qty": "1298.80000000",
            "quoteQty": "260.01976000",
            "time": 1732253445358,
            "isBuyerMaker": false,
            "isBestMatch": true
        },
        {
            "id": 30358,
            "price": "0.20030000",
            "qty": "1847.30000000",
            "quoteQty": "370.01419000",
            "time": 1732253461930,
            "isBuyerMaker": false,
            "isBestMatch": true
        },
        {
            "id": 30359,
            "price": "0.20030000",
            "qty": "1298.10000000",
            "quoteQty": "260.00943000",
            "time": 1732253472669,
            "isBuyerMaker": false,
            "isBestMatch": true
        },
        {
            "id": 30360,
            "price": "0.20020000",
            "qty": "2172.90000000",
            "quoteQty": "435.01458000",
            "time": 1732253654848,
            "isBuyerMaker": false,
            "isBestMatch": true
        },
        {
            "id": 30361,
            "price": "0.20000000",
            "qty": "1325.00000000",
            "quoteQty": "265.00000000",
            "time": 1732253759571,
            "isBuyerMaker": false,
            "isBestMatch": true
        },
        {
            "id": 30362,
            "price": "0.20010000",
            "qty": "1649.20000000",
            "quoteQty": "330.00492000",
            "time": 1732253799111,
            "isBuyerMaker": false,
            "isBestMatch": true
        },
        {
            "id": 30363,
            "price": "0.20010000",
            "qty": "799.60000000",
            "quoteQty": "159.99996000",
            "time": 1732253799111,
            "isBuyerMaker": false,
            "isBestMatch": true
        },
        {
            "id": 30364,
            "price": "0.20000000",
            "qty": "1375.00000000",
            "quoteQty": "275.00000000",
            "time": 1732253884908,
            "isBuyerMaker": false,
            "isBestMatch": true
        },
        {
            "id": 30365,
            "price": "0.19990000",
            "qty": "1851.00000000",
            "quoteQty": "370.01490000",
            "time": 1732254041155,
            "isBuyerMaker": false,
            "isBestMatch": true
        },
        {
            "id": 30366,
            "price": "0.20000000",
            "qty": "1350.00000000",
            "quoteQty": "270.00000000",
            "time": 1732254201143,
            "isBuyerMaker": false,
            "isBestMatch": true
        },
        {
            "id": 30367,
            "price": "0.20000000",
            "qty": "1500.00000000",
            "quoteQty": "300.00000000",
            "time": 1732254251330,
            "isBuyerMaker": false,
            "isBestMatch": true
        },
        {
            "id": 30368,
            "price": "0.20000000",
            "qty": "1874.10000000",
            "quoteQty": "374.82000000",
            "time": 1732254277520,
            "isBuyerMaker": false,
            "isBestMatch": true
        },
        {
            "id": 30369,
            "price": "0.20000000",
            "qty": "1975.00000000",
            "quoteQty": "395.00000000",
            "time": 1732254292170,
            "isBuyerMaker": false,
            "isBestMatch": true
        },
        {
            "id": 30370,
            "price": "0.20000000",
            "qty": "2073.00000000",
            "quoteQty": "414.60000000",
            "time": 1732254330652,
            "isBuyerMaker": false,
            "isBestMatch": true
        },
        {
            "id": 30371,
            "price": "0.20000000",
            "qty": "2174.00000000",
            "quoteQty": "434.80000000",
            "time": 1732254333683,
            "isBuyerMaker": false,
            "isBestMatch": true
        },
        {
            "id": 30372,
            "price": "0.20000000",
            "qty": "1748.30000000",
            "quoteQty": "349.66000000",
            "time": 1732254345753,
            "isBuyerMaker": false,
            "isBestMatch": true
        },
        {
            "id": 30373,
            "price": "0.20000000",
            "qty": "1723.30000000",
            "quoteQty": "344.66000000",
            "time": 1732254389847,
            "isBuyerMaker": false,
            "isBestMatch": true
        },
        {
            "id": 30374,
            "price": "0.20000000",
            "qty": "1950.00000000",
            "quoteQty": "390.00000000",
            "time": 1732254405960,
            "isBuyerMaker": false,
            "isBestMatch": true
        },
        {
            "id": 30375,
            "price": "0.20000000",
            "qty": "2049.00000000",
            "quoteQty": "409.80000000",
            "time": 1732254490114,
            "isBuyerMaker": false,
            "isBestMatch": true
        },
        {
            "id": 30376,
            "price": "0.20000000",
            "qty": "2222.80000000",
            "quoteQty": "444.56000000",
            "time": 1732254529636,
            "isBuyerMaker": false,
            "isBestMatch": true
        },
        {
            "id": 30377,
            "price": "0.20010000",
            "qty": "2447.60000000",
            "quoteQty": "489.76476000",
            "time": 1732254580922,
            "isBuyerMaker": false,
            "isBestMatch": true
        },
        {
            "id": 30378,
            "price": "0.20020000",
            "qty": "1398.00000000",
            "quoteQty": "279.87960000",
            "time": 1732254679581,
            "isBuyerMaker": false,
            "isBestMatch": true
        },
        {
            "id": 30379,
            "price": "0.20020000",
            "qty": "1473.60000000",
            "quoteQty": "295.01472000",
            "time": 1732254687336,
            "isBuyerMaker": false,
            "isBestMatch": true
        },
        {
            "id": 30380,
            "price": "0.20020000",
            "qty": "1872.20000000",
            "quoteQty": "374.81444000",
            "time": 1732254724973,
            "isBuyerMaker": false,
            "isBestMatch": true
        },
        {
            "id": 30381,
            "price": "0.20030000",
            "qty": "1572.70000000",
            "quoteQty": "315.01181000",
            "time": 1732254997049,
            "isBuyerMaker": true,
            "isBestMatch": true
        },
        {
            "id": 30382,
            "price": "0.20010000",
            "qty": "1899.10000000",
            "quoteQty": "380.00991000",
            "time": 1732255230879,
            "isBuyerMaker": false,
            "isBestMatch": true
        },
        {
            "id": 30383,
            "price": "0.20000000",
            "qty": "2125.00000000",
            "quoteQty": "425.00000000",
            "time": 1732255275153,
            "isBuyerMaker": false,
            "isBestMatch": true
        },
        {
            "id": 30384,
            "price": "0.20000000",
            "qty": "1325.00000000",
            "quoteQty": "265.00000000",
            "time": 1732255342033,
            "isBuyerMaker": false,
            "isBestMatch": true
        },
        {
            "id": 30385,
            "price": "0.19990000",
            "qty": "1375.70000000",
            "quoteQty": "275.00243000",
            "time": 1732255456084,
            "isBuyerMaker": true,
            "isBestMatch": true
        },
        {
            "id": 30386,
            "price": "0.19990000",
            "qty": "300.20000000",
            "quoteQty": "60.00998000",
            "time": 1732255525629,
