{
    "data": [
        {
            "id": 924459,
            "price": "1.44400000",
            "qty": "236.00000000",
            "quoteQty": "340.78400000",
            "time": 1732291871690,
            "isBuyerMaker": false,
            "isBestMatch": true
        },
        {
            "id": 924460,
            "price": "1.44400000",
            "qty": "343.00000000",
            "quoteQty": "495.29200000",
            "time": 1732291871720,
            "isBuyerMaker": false,
            "isBestMatch": true
        },
        {
            "id": 924461,
            "price": "1.44400000",
            "qty": "260.00000000",
            "quoteQty": "375.44000000",
            "time": 1732291871758,
            "isBuyerMaker": false,
            "isBestMatch": true
        },
        {
            "id": 924462,
            "price": "1.44400000",
            "qty": "191.00000000",
            "quoteQty": "275.80400000",
            "time": 1732291873852,
            "isBuyerMaker": false,
            "isBestMatch": true
        },
        {
            "id": 924463,
            "price": "1.44400000",
            "qty": "184.00000000",
            "quoteQty": "265.69600000",
            "time": 1732291873869,
            "isBuyerMaker": false,
            "isBestMatch": true
        },
        {
            "id": 924464,
            "price": "1.44400000",
            "qty": "298.00000000",
            "quoteQty": "430.31200000",
            "time": 1732291873879,
            "isBuyerMaker": false,
            "isBestMatch": true
        },
        {
            "id": 924465,
            "price": "1.44400000",
            "qty": "215.00000000",
            "quoteQty": "310.46000000",
            "time": 1732291873891,
            "isBuyerMaker": false,
            "isBestMatch": true
        },
        {
            "id": 924466,
            "price": "1.44390000",
            "qty": "140.00000000",
            "quoteQty": "202.14600000",
            "time": 1732291874528,
            "isBuyerMaker": true,
            "isBestMatch": true
        },
        {
            "id": 924467,
            "price": "1.44400000",
            "qty": "236.00000000",
            "quoteQty": "340.78400000",
            "time": 1732291875477,
            "isBuyerMaker": false,
            "isBestMatch": true
        },
        {
            "id": 924468,
            "price": "1.44400000",
            "qty": "315.00000000",
            "quoteQty": "454.86000000",
            "time": 1732291877238,
            "isBuyerMaker": false,
            "isBestMatch": true
        },
        {
            "id": 924469,
            "price": "1.44400000",
            "qty": "191.00000000",
            "quoteQty": "275.80400000",
            "time": 1732291877254,
            "isBuyerMaker": false,
            "isBestMatch": true
        },
        {
            "id": 924470,
            "price": "1.44400000",
            "qty": "267.00000000",
            "quoteQty": "385.54800000",
            "time": 1732291879021,
            "isBuyerMaker": false,
            "isBestMatch": true
        },
        {
            "id": 924471,
            "price": "1.44400000",
            "qty": "236.00000000",
            "quoteQty": "340.78400000",
            "time": 1732291879029,
            "isBuyerMaker": false,
            "isBestMatch": true
        },
        {
            "id": 924472,
            "price": "1.44420000",
            "qty": "201.00000000",
            "quoteQty": "290.28420000",
            "time": 1732291885529,
            "isBuyerMaker": false,
            "isBestMatch": true
        },
        {
            "id": 924473,
            "price": "1.44420000",
            "qty": "100.00000000",
            "quoteQty": "144.42000000",
            "time": 1732291885529,
            "isBuyerMaker": false,
            "isBestMatch": true
        },
        {
            "id": 924474,
            "price": "1.44420000",
            "qty": "267.00000000",
            "quoteQty": "385.60140000",
            "time": 1732291887567,
            "isBuyerMaker": false,
            "isBestMatch": true
        },
        {
            "id": 924475,
            "price": "1.44420000",
            "qty": "315.00000000",
            "quoteQty": "454.92300000",
            "time": 1732291889411,
            "isBuyerMaker": false,
            "isBestMatch": true
        },
        {
            "id": 924476,
            "price": "1.44420000",
            "qty": "191.00000000",
            "quoteQty": "275.84220000",
            "time": 1732291889420,
            "isBuyerMaker": false,
            "isBestMatch": true
        },
        {
            "id": 924477,
            "price": "1.44420000",
            "qty": "319.00000000",
            "quoteQty": "460.69980000",
            "time": 1732291890795,
            "isBuyerMaker": false,
            "isBestMatch": true
        },
        {
            "id": 924478,
            "price": "1.44420000",
            "qty": "229.00000000",
            "quoteQty": "330.72180000",
            "time": 1732291890803,
            "isBuyerMaker": false,
            "isBestMatch": true
        },
        {
            "id": 924479,
            "price": "1.44480000",
            "qty": "219.00000000",
            "quoteQty": "316.41120000",
            "time": 1732291895256,
            "isBuyerMaker": false,
            "isBestMatch": true
        },
        {
            "id": 924480,
            "price": "1.44490000",
            "qty": "114.00000000",
            "quoteQty": "164.71860000",
            "time": 1732291895256,
            "isBuyerMaker": false,
            "isBestMatch": true
        },
        {
            "id": 924481,
            "price": "1.44520000",
            "qty": "308.00000000",
            "quoteQty": "445.12160000",
            "time": 1732291896271,
            "isBuyerMaker": false,
            "isBestMatch": true
        },
        {
            "id": 924482,
            "price": "1.44510000",
            "qty": "80.00000000",
            "quoteQty": "115.60800000",
            "time": 1732291896529,
            "isBuyerMaker": true,
            "isBestMatch": true
        },
        {
            "id": 924483,
            "price": "1.44520000",
            "qty": "329.00000000",
            "quoteQty": "475.47080000",
            "time": 1732291899086,
            "isBuyerMaker": false,
            "isBestMatch": true
        },
        {
            "id": 924484,
            "price": "1.44450000",
            "qty": "232.00000000",
            "quoteQty": "335.12400000",
            "time": 1732291903025,
            "isBuyerMaker": false,
            "isBestMatch": true
        },
        {
            "id": 924485,
            "price": "1.44450000",
            "qty": "38.00000000",
            "quoteQty": "54.89100000",
            "time": 1732291903034,
            "isBuyerMaker": false,
            "isBestMatch": true
        },
        {
            "id": 924486,
            "price": "1.44460000",
            "qty": "184.00000000",
            "quoteQty": "265.80640000",
            "time": 1732291903034,
            "isBuyerMaker": false,
            "isBestMatch": true
        },
        {
            "id": 924487,
            "price": "1.44460000",
            "qty": "69.00000000",
            "quoteQty": "99.67740000",
            "time": 1732291903042,
            "isBuyerMaker": false,
            "isBestMatch": true
        },
        {
            "id": 924488,
            "price": "1.44490000",
            "qty": "205.00000000",
            "quoteQty": "296.20450000",
            "time": 1732291904350,
            "isBuyerMaker": false,
            "isBestMatch": true
        },
        {
            "id": 924489,
            "price": "1.44500000",
            "qty": "284.00000000",
            "quoteQty": "410.38000000",
            "time": 1732291908790,
            "isBuyerMaker": false,
            "isBestMatch": true
        },
        {
            "id": 924490,
            "price": "1.44500000",
            "qty": "31.00000000",
            "quoteQty": "44.79500000",
            "time": 1732291908814,
            "isBuyerMaker": false,
            "isBestMatch": true
        },
        {
            "id": 924491,
            "price": "1.44510000",
            "qty": "191.00000000",
            "quoteQty": "276.01410000",
            "time": 1732291908814,
            "isBuyerMaker": false,
            "isBestMatch": true
        },
        {
            "id": 924492,
            "price": "1.44480000",
            "qty": "253.00000000",
            "quoteQty": "365.53440000",
            "time": 1732291914546,
            "isBuyerMaker": false,
            "isBestMatch": true
        },
        {
            "id": 924493,
            "price": "1.44480000",
            "qty": "24.00000000",
            "quoteQty": "34.67520000",
            "time": 1732291914560,
            "isBuyerMaker": false,
            "isBestMatch": true
        },
        {
            "id": 924494,
            "price": "1.44490000",
            "qty": "284.00000000",
            "quoteQty": "410.35160000",
            "time": 1732291914560,
            "isBuyerMaker": false,
            "isBestMatch": true
        },
        {
            "id": 924495,
            "price": "1.44520000",
            "qty": "326.00000000",
            "quoteQty": "471.13520000",
            "time": 1732291916025,
            "isBuyerMaker": false,
            "isBestMatch": true
        },
        {
            "id": 924496,
            "price": "1.44520000",
            "qty": "222.00000000",
            "quoteQty": "320.83440000",
            "time": 1732291916040,
            "isBuyerMaker": false,
            "isBestMatch": true
        },
        {
            "id": 924497,
            "price": "1.44520000",
            "qty": "326.00000000",
            "quoteQty": "471.13520000",
            "time": 1732291916058,
            "isBuyerMaker": false,
            "isBestMatch": true
        },
        {
            "id": 924498,
            "price": "1.44520000",
            "qty": "298.00000000",
            "quoteQty": "430.66960000",
            "time": 1732291916070,
            "isBuyerMaker": false,
            "isBestMatch": true
        },
        {
            "id": 924499,
            "price": "1.44490000",
            "qty": "198.00000000",
            "quoteQty": "286.09020000",
            "time": 1732291918528,
            "isBuyerMaker": true,
            "isBestMatch": true
        },
        {
            "id": 924500,
            "price": "1.44500000",
            "qty": "267.00000000",
            "quoteQty": "385.81500000",
            "time": 1732291920938,
            "isBuyerMaker": false,
            "isBestMatch": true
        },
        {
            "id": 924501,
            "price": "1.44500000",
            "qty": "52.00000000",
            "quoteQty": "75.14000000",
            "time": 1732291920952,
            "isBuyerMaker": false,
            "isBestMatch": true
        },
        {
            "id": 924502,
            "price": "1.44360000",
            "qty": "222.00000000",
            "quoteQty": "320.47920000",
            "time": 1732291925530,
            "isBuyerMaker": false,
            "isBestMatch": true
        },
        {
            "id": 924503,
            "price": "1.44420000",
            "qty": "270.00000000",
            "quoteQty": "389.93400000",
            "time": 1732291927357,
            "isBuyerMaker": false,
            "isBestMatch": true
        },
        {
            "id": 924504,
            "price": "1.44420000",
            "qty": "284.00000000",
            "quoteQty": "410.15280000",
            "time": 1732291929340,
            "isBuyerMaker": false,
            "isBestMatch": true
        },
        {
            "id": 924505,
            "price": "1.44430000",
            "qty": "212.00000000",
            "quoteQty": "306.19160000",
            "time": 1732291931934,
            "isBuyerMaker": false,
            "isBestMatch": true
        },
        {
            "id": 924506,
            "price": "1.44440000",
            "qty": "68.00000000",
            "quoteQty": "98.21920000",
            "time": 1732291931934,
            "isBuyerMaker": false,
            "isBestMatch": true
        },
        {
            "id": 924507,
            "price": "1.44440000",
            "qty": "187.00000000",
            "quoteQty": "270.10280000",
            "time": 1732291931941,
            "isBuyerMaker": false,
            "isBestMatch": true
        },
        {
            "id": 924508,
            "price": "1.44440000",
            "qty": "43.00000000",
            "quoteQty": "62.10920000",
            "time": 1732291931950,
            "isBuyerMaker": false,
            "isBestMatch": true
        },
        {
            "id": 924509,
            "price": "1.44450000",
            "qty": "187.00000000",
            "quoteQty": "270.12150000",
            "time": 1732291931950,
            "isBuyerMaker": false,
            "isBestMatch": true
        },
        {
            "id": 924510,
            "price": "1.44460000",
            "qty": "9.00000000",
            "quoteQty": "13.00140000",
            "time": 1732291931950,
            "isBuyerMaker": false,
            "isBestMatch": true
        },
        {
            "id": 924511,
            "price": "1.44520000",
            "qty": "298.00000000",
            "quoteQty": "430.66960000",
            "time": 1732291934236,
            "isBuyerMaker": false,
            "isBestMatch": true
        },
        {
            "id": 924512,
            "price": "1.44520000",
            "qty": "48.00000000",
            "quoteQty": "69.36960000",
            "time": 1732291934236,
            "isBuyerMaker": false,
            "isBestMatch": true
        },
        {
            "id": 924513,
            "price": "1.44520000",
            "qty": "301.00000000",
            "quoteQty": "435.00520000",
            "time": 1732291934249,
            "isBuyerMaker": false,
            "isBestMatch": true
        },
        {
            "id": 924514,
            "price": "1.44520000",
            "qty": "315.00000000",
            "quoteQty": "455.23800000",
            "time": 1732291934258,
            "isBuyerMaker": false,
            "isBestMatch": true
        },
        {
            "id": 924515,
            "price": "1.44520000",
            "qty": "322.00000000",
            "quoteQty": "465.35440000",
            "time": 1732291936220,
            "isBuyerMaker": false,
            "isBestMatch": true
        },
        {
            "id": 924516,
            "price": "1.44520000",
            "qty": "332.00000000",
            "quoteQty": "479.80640000",
            "time": 1732291936225,
            "isBuyerMaker": false,
            "isBestMatch": true
        },
        {
            "id": 924517,
            "price": "1.44520000",
            "qty": "256.00000000",
            "quoteQty": "369.97120000",
            "time": 1732291938433,
            "isBuyerMaker": false,
            "isBestMatch": true
        },
        {
            "id": 924518,
            "price": "1.44520000",
            "qty": "332.00000000",
            "quoteQty": "479.80640000",
            "time": 1732291938446,
            "isBuyerMaker": false,
            "isBestMatch": true
        },
        {
            "id": 924519,
            "price": "1.44520000",
            "qty": "294.00000000",
            "quoteQty": "424.88880000",
            "time": 1732291940561,
            "isBuyerMaker": false,
            "isBestMatch": true
        },
        {
            "id": 924520,
            "price": "1.44520000",
            "qty": "332.00000000",
            "quoteQty": "479.80640000",
            "time": 1732291940594,
            "isBuyerMaker": false,
            "isBestMatch": true
        },
        {
            "id": 924521,
            "price": "1.44520000",
            "qty": "221.00000000",
            "quoteQty": "319.38920000",
            "time": 1732291940603,
            "isBuyerMaker": false,
            "isBestMatch": true
        },
        {
            "id": 924522,
            "price": "1.44520000",
            "qty": "321.00000000",
            "quoteQty": "463.90920000",
            "time": 1732291940617,
            "isBuyerMaker": false,
            "isBestMatch": true
        },
        {
            "id": 924523,
            "price": "1.44520000",
            "qty": "297.00000000",
            "quoteQty": "429.22440000",
            "time": 1732291940636,
            "isBuyerMaker": false,
            "isBestMatch": true
        },
        {
            "id": 924524,
            "price": "1.44520000",
            "qty": "297.00000000",
            "quoteQty": "429.22440000",
            "time": 1732291942518,
            "isBuyerMaker": false,
            "isBestMatch": true
        },
        {
            "id": 924525,
            "price": "1.44520000",
            "qty": "238.00000000",
            "quoteQty": "343.95760000",
            "time": 1732291942537,
            "isBuyerMaker": false,
            "isBestMatch": true
        },
        {
            "id": 924526,
            "price": "1.44520000",
            "qty": "269.00000000",
            "quoteQty": "388.75880000",
            "time": 1732291944094,
            "isBuyerMaker": false,
            "isBestMatch": true
        },
        {
            "id": 924527,
            "price": "1.44520000",
            "qty": "308.00000000",
            "quoteQty": "445.12160000",
            "time": 1732291944526,
            "isBuyerMaker": false,
            "isBestMatch": true
        },
        {
            "id": 924528,
            "price": "1.44520000",
            "qty": "211.00000000",
            "quoteQty": "304.93720000",
            "time": 1732291945286,
            "isBuyerMaker": false,
            "isBestMatch": true
        },
        {
            "id": 924529,
            "price": "1.44520000",
            "qty": "287.00000000",
            "quoteQty": "414.77240000",
            "time": 1732291946617,
            "isBuyerMaker": false,
            "isBestMatch": true
        },
        {
            "id": 924530,
            "price": "1.44520000",
            "qty": "190.00000000",
            "quoteQty": "274.58800000",
            "time": 1732291946677,
            "isBuyerMaker": false,
            "isBestMatch": true
        },
        {
            "id": 924531,
            "price": "1.44520000",
            "qty": "269.00000000",
            "quoteQty": "388.75880000",
            "time": 1732291948561,
            "isBuyerMaker": false,
            "isBestMatch": true
        },
        {
            "id": 924532,
            "price": "1.44520000",
            "qty": "173.00000000",
            "quoteQty": "250.01960000",
            "time": 1732291950274,
            "isBuyerMaker": false,
            "isBestMatch": true
        },
        {
            "id": 924533,
            "price": "1.44520000",
            "qty": "318.00000000",
            "quoteQty": "459.57360000",
            "time": 1732291951932,
            "isBuyerMaker": false,
            "isBestMatch": true
        },
        {
            "id": 924534,
            "price": "1.44520000",
            "qty": "266.00000000",
            "quoteQty": "384.42320000",
            "time": 1732291953558,
            "isBuyerMaker": false,
            "isBestMatch": true
        },
        {
            "id": 924535,
            "price": "1.44520000",
            "qty": "297.00000000",
            "quoteQty": "429.22440000",
            "time": 1732291953563,
            "isBuyerMaker": false,
            "isBestMatch": true
        },
        {
            "id": 924536,
            "price": "1.44520000",
            "qty": "221.00000000",
            "quoteQty": "319.38920000",
            "time": 1732291953574,
            "isBuyerMaker": false,
            "isBestMatch": true
        },
        {
            "id": 924537,
            "price": "1.44520000",
            "qty": "208.00000000",
            "quoteQty": "300.60160000",
            "time": 1732291953585,
            "isBuyerMaker": false,
            "isBestMatch": true
        },
        {
            "id": 924538,
            "price": "1.44520000",
            "qty": "239.00000000",
            "quoteQty": "345.40280000",
            "time": 1732291955285,
            "isBuyerMaker": false,
            "isBestMatch": true
        },
        {
            "id": 924539,
            "price": "1.44520000",
            "qty": "273.00000000",
            "quoteQty": "394.53960000",
            "time": 1732291955293,
            "isBuyerMaker": false,
            "isBestMatch": true
        },
        {
            "id": 924540,
            "price": "1.44520000",
            "qty": "284.00000000",
            "quoteQty": "410.43680000",
            "time": 1732291961069,
            "isBuyerMaker": false,
            "isBestMatch": true
        },
        {
            "id": 924541,
            "price": "1.44520000",
            "qty": "177.00000000",
            "quoteQty": "255.80040000",
            "time": 1732291962506,
            "isBuyerMaker": false,
            "isBestMatch": true
        },
        {
            "id": 924542,
            "price": "1.44520000",
            "qty": "242.00000000",
            "quoteQty": "349.73840000",
            "time": 1732291962519,
            "isBuyerMaker": false,
            "isBestMatch": true
        },
        {
            "id": 924543,
            "price": "1.44520000",
            "qty": "180.00000000",
            "quoteQty": "260.13600000",
            "time": 1732291964217,
            "isBuyerMaker": false,
            "isBestMatch": true
        },
        {
            "id": 924544,
            "price": "1.44520000",
            "qty": "322.00000000",
            "quoteQty": "465.35440000",
            "time": 1732291964224,
            "isBuyerMaker": false,
            "isBestMatch": true
        },
        {
            "id": 924545,
            "price": "1.44520000",
            "qty": "336.00000000",
            "quoteQty": "485.58720000",
            "time": 1732291965496,
            "isBuyerMaker": false,
            "isBestMatch": true
        },
        {
            "id": 924546,
            "price": "1.44520000",
            "qty": "280.00000000",
            "quoteQty": "404.65600000",
            "time": 1732291965507,
            "isBuyerMaker": false,
            "isBestMatch": true
        },
        {
            "id": 924547,
            "price": "1.44520000",
            "qty": "294.00000000",
            "quoteQty": "424.88880000",
            "time": 1732291966944,
            "isBuyerMaker": false,
            "isBestMatch": true
        },
        {
            "id": 924548,
            "price": "1.44520000",
            "qty": "263.00000000",
            "quoteQty": "380.08760000",
            "time": 1732291966952,
            "isBuyerMaker": false,
            "isBestMatch": true
        },
        {
            "id": 924549,
            "price": "1.44520000",
            "qty": "239.00000000",
            "quoteQty": "345.40280000",
            "time": 1732291966959,
            "isBuyerMaker": false,
            "isBestMatch": true
        },
        {
            "id": 924550,
            "price": "1.44520000",
            "qty": "329.00000000",
            "quoteQty": "475.47080000",
            "time": 1732291968332,
            "isBuyerMaker": false,
            "isBestMatch": true
        },
        {
            "id": 924551,
            "price": "1.44520000",
            "qty": "263.00000000",
            "quoteQty": "380.08760000",
            "time": 1732291969419,
            "isBuyerMaker": false,
            "isBestMatch": true
        },
        {
            "id": 924552,
            "price": "1.44520000",
            "qty": "222.00000000",
            "quoteQty": "320.83440000",
            "time": 1732291969428,
            "isBuyerMaker": false,
            "isBestMatch": true
        },
        {
            "id": 924553,
            "price": "1.44520000",
            "qty": "298.00000000",
            "quoteQty": "430.66960000",
            "time": 1732291969440,
            "isBuyerMaker": false,
            "isBestMatch": true
        },
        {
            "id": 924554,
            "price": "1.44520000",
            "qty": "308.00000000",
            "quoteQty": "445.12160000",
            "time": 1732291970440,
            "isBuyerMaker": false,
            "isBestMatch": true
        },
        {
            "id": 924555,
            "price": "1.44520000",
            "qty": "312.00000000",
            "quoteQty": "450.90240000",
            "time": 1732291971814,
            "isBuyerMaker": false,
            "isBestMatch": true
        },
        {
            "id": 924556,
            "price": "1.44520000",
            "qty": "208.00000000",
            "quoteQty": "300.60160000",
            "time": 1732291971824,
            "isBuyerMaker": false,
            "isBestMatch": true
        },
        {
            "id": 924557,
            "price": "1.44520000",
            "qty": "177.00000000",
            "quoteQty": "255.80040000",
            "time": 1732291971834,
            "isBuyerMaker": false,
            "isBestMatch": true
        },
        {
            "id": 924558,
            "price": "1.44520000",
            "qty": "343.00000000",
            "quoteQty": "495.70360000",
            "time": 1732291971841,
            "isBuyerMaker": false,
            "isBestMatch": true
        },
        {
            "id": 924559,
            "price": "1.44510000",
            "qty": "184.00000000",
            "quoteQty": "265.89840000",
            "time": 1732291974527,
            "isBuyerMaker": true,
            "isBestMatch": true
        },
        {
            "id": 924560,
            "price": "1.44570000",
            "qty": "180.00000000",
            "quoteQty": "260.22600000",
            "time": 1732291975397,
            "isBuyerMaker": false,
            "isBestMatch": true
        },
        {
            "id": 924561,
            "price": "1.44570000",
            "qty": "204.00000000",
            "quoteQty": "294.92280000",
            "time": 1732291975409,
            "isBuyerMaker": false,
            "isBestMatch": true
        },
        {
            "id": 924562,
            "price": "1.44570000",
            "qty": "211.00000000",
            "quoteQty": "305.04270000",
            "time": 1732291975428,
            "isBuyerMaker": false,
            "isBestMatch": true
        },
        {
            "id": 924563,
            "price": "1.44570000",
            "qty": "236.00000000",
            "quoteQty": "341.18520000",
            "time": 1732291975453,
            "isBuyerMaker": false,
            "isBestMatch": true
        },
        {
            "id": 924564,
            "price": "1.44570000",
            "qty": "301.00000000",
            "quoteQty": "435.15570000",
            "time": 1732291975482,
            "isBuyerMaker": false,
            "isBestMatch": true
        },
        {
            "id": 924565,
            "price": "1.44570000",
            "qty": "270.00000000",
            "quoteQty": "390.33900000",
            "time": 1732291975507,
            "isBuyerMaker": false,
            "isBestMatch": true
        },
        {
            "id": 924566,
            "price": "1.44570000",
            "qty": "319.00000000",
            "quoteQty": "461.17830000",
            "time": 1732291975520,
            "isBuyerMaker": false,
            "isBestMatch": true
        },
        {
            "id": 924567,
            "price": "1.44500000",
            "qty": "77.00000000",
            "quoteQty": "111.26500000",
            "time": 1732291975525,
            "isBuyerMaker": true,
            "isBestMatch": true
        },
        {
            "id": 924568,
            "price": "1.44570000",
            "qty": "343.00000000",
            "quoteQty": "495.87510000",
            "time": 1732291975528,
            "isBuyerMaker": false,
            "isBestMatch": true
        },
        {
            "id": 924569,
            "price": "1.44570000",
            "qty": "253.00000000",
            "quoteQty": "365.76210000",
            "time": 1732291975560,
            "isBuyerMaker": false,
            "isBestMatch": true
        },
        {
            "id": 924570,
            "price": "1.44570000",
            "qty": "267.00000000",
            "quoteQty": "386.00190000",
            "time": 1732291975577,
            "isBuyerMaker": false,
            "isBestMatch": true
        },
        {
            "id": 924571,
            "price": "1.44570000",
            "qty": "201.00000000",
            "quoteQty": "290.58570000",
            "time": 1732291975590,
            "isBuyerMaker": false,
            "isBestMatch": true
        },
        {
            "id": 924572,
            "price": "1.44570000",
            "qty": "267.00000000",
            "quoteQty": "386.00190000",
            "time": 1732291977412,
            "isBuyerMaker": false,
            "isBestMatch": true
        },
        {
            "id": 924573,
            "price": "1.44550000",
            "qty": "177.00000000",
            "quoteQty": "255.85350000",
            "time": 1732291980693,
            "isBuyerMaker": false,
            "isBestMatch": true
        },
        {
            "id": 924574,
            "price": "1.44550000",
            "qty": "14.00000000",
            "quoteQty": "20.23700000",
            "time": 1732291980699,
            "isBuyerMaker": false,
            "isBestMatch": true
        },
        {
            "id": 924575,
            "price": "1.44550000",
            "qty": "217.00000000",
            "quoteQty": "313.67350000",
            "time": 1732291983526,
            "isBuyerMaker": true,
            "isBestMatch": true
        },
        {
            "id": 924576,
            "price": "1.44460000",
            "qty": "204.00000000",
            "quoteQty": "294.69840000",
            "time": 1732291985526,
            "isBuyerMaker": false,
            "isBestMatch": true
        },
        {
            "id": 924577,
            "price": "1.44380000",
            "qty": "82.00000000",
            "quoteQty": "118.39160000",
            "time": 1732291988528,
            "isBuyerMaker": false,
            "isBestMatch": true
        },
        {
            "id": 924578,
            "price": "1.44380000",
            "qty": "123.00000000",
            "quoteQty": "177.58740000",
            "time": 1732291989830,
            "isBuyerMaker": false,
            "isBestMatch": true
        },
        {
            "id": 924579,
            "price": "1.44390000",
            "qty": "165.00000000",
            "quoteQty": "238.24350000",
            "time": 1732291989830,
            "isBuyerMaker": false,
            "isBestMatch": true
        },
        {
            "id": 924580,
            "price": "1.44450000",
            "qty": "329.00000000",
            "quoteQty": "475.24050000",
            "time": 1732291991923,
            "isBuyerMaker": false,
            "isBestMatch": true
        },
        {
            "id": 924581,
            "price": "1.44340000",
            "qty": "198.00000000",
            "quoteQty": "285.79320000",
            "time": 1732291997237,
            "isBuyerMaker": false,
            "isBestMatch": true
        },
        {
            "id": 924582,
            "price": "1.44360000",
            "qty": "190.00000000",
            "quoteQty": "274.28400000",
            "time": 1732291997526,
            "isBuyerMaker": false,
            "isBestMatch": true
        },
        {
            "id": 924583,
            "price": "1.44360000",
            "qty": "81.00000000",
            "quoteQty": "116.93160000",
            "time": 1732291998394,
            "isBuyerMaker": false,
            "isBestMatch": true
        },
        {
            "id": 924584,
            "price": "1.44370000",
            "qty": "141.00000000",
            "quoteQty": "203.56170000",
            "time": 1732291998394,
            "isBuyerMaker": false,
            "isBestMatch": true
        },
        {
            "id": 924585,
            "price": "1.44390000",
            "qty": "302.00000000",
            "quoteQty": "436.05780000",
            "time": 1732291999667,
            "isBuyerMaker": false,
            "isBestMatch": true
        },
        {
            "id": 924586,
            "price": "1.44390000",
            "qty": "288.00000000",
            "quoteQty": "415.84320000",
            "time": 1732291999675,
            "isBuyerMaker": false,
            "isBestMatch": true
        },
        {
            "id": 924587,
            "price": "1.44390000",
            "qty": "177.00000000",
            "quoteQty": "255.57030000",
            "time": 1732292001416,
            "isBuyerMaker": false,
            "isBestMatch": true
        },
        {
            "id": 924588,
            "price": "1.44390000",
            "qty": "270.00000000",
            "quoteQty": "389.85300000",
            "time": 1732292001425,
            "isBuyerMaker": false,
            "isBestMatch": true
        },
        {
            "id": 924589,
            "price": "1.44390000",
            "qty": "253.00000000",
            "quoteQty": "365.30670000",
            "time": 1732292001434,
            "isBuyerMaker": false,
            "isBestMatch": true
        },
        {
            "id": 924590,
            "price": "1.44390000",
            "qty": "274.00000000",
            "quoteQty": "395.62860000",
            "time": 1732292003089,
            "isBuyerMaker": false,
            "isBestMatch": true
        },
        {
            "id": 924591,
            "price": "1.44390000",
            "qty": "219.00000000",
            "quoteQty": "316.21410000",
            "time": 1732292003096,
            "isBuyerMaker": false,
            "isBestMatch": true
        },
        {
            "id": 924592,
            "price": "1.44430000",
            "qty": "184.00000000",
            "quoteQty": "265.75120000",
            "time": 1732292007192,
            "isBuyerMaker": false,
            "isBestMatch": true
        },
        {
            "id": 924593,
            "price": "1.44450000",
            "qty": "236.00000000",
            "quoteQty": "340.90200000",
            "time": 1732292008811,
            "isBuyerMaker": false,
            "isBestMatch": true
        },
        {
            "id": 924594,
            "price": "1.44450000",
            "qty": "3.00000000",
            "quoteQty": "4.33350000",
            "time": 1732292008822,
            "isBuyerMaker": false,
            "isBestMatch": true
        },
        {
            "id": 924595,
            "price": "1.44460000",
            "qty": "233.00000000",
            "quoteQty": "336.59180000",
            "time": 1732292008822,
            "isBuyerMaker": false,
            "isBestMatch": true
        },
        {
            "id": 924596,
            "price": "1.44430000",
            "qty": "177.00000000",
            "quoteQty": "255.64110000",
            "time": 1732292010529,
            "isBuyerMaker": true,
            "isBestMatch": true
        },
        {
            "id": 924597,
            "price": "1.44450000",
            "qty": "180.00000000",
            "quoteQty": "260.01000000",
            "time": 1732292011581,
            "isBuyerMaker": false,
            "isBestMatch": true
        },
        {
            "id": 924598,
            "price": "1.44300000",
            "qty": "8.00000000",
            "quoteQty": "11.54400000",
            "time": 1732292013528,
            "isBuyerMaker": false,
            "isBestMatch": true
        },
        {
            "id": 924599,
            "price": "1.44300000",
            "qty": "284.00000000",
            "quoteQty": "409.81200000",
            "time": 1732292014526,
            "isBuyerMaker": false,
            "isBestMatch": true
        },
        {
            "id": 924600,
            "price": "1.44290000",
            "qty": "42.00000000",
            "quoteQty": "60.60180000",
            "time": 1732292015523,
            "isBuyerMaker": false,
            "isBestMatch": true
        },
        {
            "id": 924601,
            "price": "1.44290000",
            "qty": "163.00000000",
            "quoteQty": "235.19270000",
            "time": 1732292016486,
            "isBuyerMaker": false,
            "isBestMatch": true
        },
        {
            "id": 924602,
            "price": "1.44310000",
            "qty": "52.00000000",
            "quoteQty": "75.04120000",
            "time": 1732292016486,
            "isBuyerMaker": false,
            "isBestMatch": true
        },
        {
            "id": 924603,
            "price": "1.44310000",
            "qty": "240.00000000",
            "quoteQty": "346.34400000",
            "time": 1732292016506,
            "isBuyerMaker": false,
            "isBestMatch": true
        },
        {
            "id": 924604,
            "price": "1.44430000",
            "qty": "133.00000000",
            "quoteQty": "192.09190000",
            "time": 1732292017528,
            "isBuyerMaker": false,
            "isBestMatch": true
        },
        {
            "id": 924605,
            "price": "1.44430000",
            "qty": "82.00000000",
            "quoteQty": "118.43260000",
            "time": 1732292018497,
            "isBuyerMaker": false,
            "isBestMatch": true
        },
        {
            "id": 924606,
            "price": "1.44460000",
            "qty": "171.00000000",
            "quoteQty": "247.02660000",
            "time": 1732292018497,
            "isBuyerMaker": false,
            "isBestMatch": true
        },
        {
            "id": 924607,
            "price": "1.44470000",
            "qty": "249.00000000",
            "quoteQty": "359.73030000",
            "time": 1732292019834,
            "isBuyerMaker": false,
            "isBestMatch": true
        },
        {
            "id": 924608,
            "price": "1.44470000",
            "qty": "263.00000000",
            "quoteQty": "379.95610000",
            "time": 1732292019842,
            "isBuyerMaker": false,
            "isBestMatch": true
        },
        {
            "id": 924609,
            "price": "1.44470000",
            "qty": "215.00000000",
            "quoteQty": "310.61050000",
            "time": 1732292021306,
            "isBuyerMaker": false,
            "isBestMatch": true
        },
        {
            "id": 924610,
            "price": "1.44470000",
            "qty": "250.00000000",
            "quoteQty": "361.17500000",
            "time": 1732292021316,
            "isBuyerMaker": false,
            "isBestMatch": true
        },
        {
            "id": 924611,
            "price": "1.44470000",
            "qty": "308.00000000",
            "quoteQty": "444.96760000",
            "time": 1732292021326,
            "isBuyerMaker": false,
            "isBestMatch": true
        },
        {
            "id": 924612,
            "price": "1.44410000",
            "qty": "58.00000000",
            "quoteQty": "83.75780000",
            "time": 1732292021530,
            "isBuyerMaker": true,
            "isBestMatch": true
        },
        {
            "id": 924613,
            "price": "1.44470000",
            "qty": "173.00000000",
            "quoteQty": "249.93310000",
            "time": 1732292023056,
            "isBuyerMaker": false,
            "isBestMatch": true
        },
        {
            "id": 924614,
            "price": "1.44470000",
            "qty": "301.00000000",
            "quoteQty": "434.85470000",
            "time": 1732292023065,
            "isBuyerMaker": false,
            "isBestMatch": true
        },
        {
            "id": 924615,
            "price": "1.44470000",
            "qty": "284.00000000",
            "quoteQty": "410.29480000",
            "time": 1732292023073,
            "isBuyerMaker": false,
            "isBestMatch": true
        },
        {
            "id": 924616,
            "price": "1.44470000",
            "qty": "225.00000000",
            "quoteQty": "325.05750000",
            "time": 1732292023079,
            "isBuyerMaker": false,
            "isBestMatch": true
        },
        {
            "id": 924617,
            "price": "1.44470000",
            "qty": "173.00000000",
            "quoteQty": "249.93310000",
            "time": 1732292023085,
            "isBuyerMaker": false,
            "isBestMatch": true
        },
        {
            "id": 924618,
            "price": "1.44470000",
            "qty": "177.00000000",
            "quoteQty": "255.71190000",
            "time": 1732292024977,
            "isBuyerMaker": false,
            "isBestMatch": true
        },
        {
            "id": 924619,
            "price": "1.44470000",
            "qty": "191.00000000",
            "quoteQty": "275.93770000",
            "time": 1732292027341,
            "isBuyerMaker": false,
            "isBestMatch": true
        },
        {
            "id": 924620,
            "price": "1.44470000",
            "qty": "287.00000000",
            "quoteQty": "414.62890000",
            "time": 1732292027353,
            "isBuyerMaker": false,
            "isBestMatch": true
        },
        {
            "id": 924621,
            "price": "1.44470000",
            "qty": "211.00000000",
            "quoteQty": "304.83170000",
            "time": 1732292027362,
            "isBuyerMaker": false,
            "isBestMatch": true
        },
        {
            "id": 924622,
            "price": "1.44470000",
            "qty": "284.00000000",
            "quoteQty": "410.29480000",
            "time": 1732292027375,
            "isBuyerMaker": false,
            "isBestMatch": true
        },
        {
            "id": 924623,
            "price": "1.44470000",
            "qty": "246.00000000",
            "quoteQty": "355.39620000",
            "time": 1732292027382,
            "isBuyerMaker": false,
            "isBestMatch": true
        },
        {
            "id": 924624,
            "price": "1.44470000",
            "qty": "267.00000000",
            "quoteQty": "385.73490000",
            "time": 1732292027406,
            "isBuyerMaker": false,
            "isBestMatch": true
        },
        {
            "id": 924625,
            "price": "1.44470000",
            "qty": "250.00000000",
            "quoteQty": "361.17500000",
            "time": 1732292029220,
            "isBuyerMaker": false,
            "isBestMatch": true
        },
        {
            "id": 924626,
            "price": "1.44470000",
            "qty": "291.00000000",
            "quoteQty": "420.40770000",
            "time": 1732292031102,
            "isBuyerMaker": false,
            "isBestMatch": true
        },
        {
            "id": 924627,
            "price": "1.44470000",
            "qty": "191.00000000",
            "quoteQty": "275.93770000",
            "time": 1732292031109,
            "isBuyerMaker": false,
            "isBestMatch": true
        },
        {
            "id": 924628,
            "price": "1.44470000",
            "qty": "274.00000000",
            "quoteQty": "395.84780000",
            "time": 1732292031120,
            "isBuyerMaker": false,
            "isBestMatch": true
        },
        {
            "id": 924629,
            "price": "1.44470000",
            "qty": "322.00000000",
            "quoteQty": "465.19340000",
            "time": 1732292032790,
            "isBuyerMaker": false,
            "isBestMatch": true
        },
        {
            "id": 924630,
            "price": "1.44470000",
            "qty": "80.00000000",
            "quoteQty": "115.57600000",
            "time": 1732292034531,
            "isBuyerMaker": false,
            "isBestMatch": true
        },
        {
            "id": 924631,
            "price": "1.44470000",
            "qty": "298.00000000",
            "quoteQty": "430.52060000",
            "time": 1732292035834,
            "isBuyerMaker": false,
            "isBestMatch": true
        },
        {
            "id": 924632,
            "price": "1.44470000",
            "qty": "274.00000000",
            "quoteQty": "395.84780000",
            "time": 1732292035839,
            "isBuyerMaker": false,
            "isBestMatch": true
        },
        {
            "id": 924633,
            "price": "1.44470000",
            "qty": "270.00000000",
            "quoteQty": "390.06900000",
            "time": 1732292035851,
            "isBuyerMaker": false,
            "isBestMatch": true
        },
        {
            "id": 924634,
            "price": "1.44470000",
            "qty": "243.00000000",
            "quoteQty": "351.06210000",
            "time": 1732292035859,
            "isBuyerMaker": false,
            "isBestMatch": true
        },
        {
            "id": 924635,
            "price": "1.44470000",
            "qty": "329.00000000",
            "quoteQty": "475.30630000",
            "time": 1732292035869,
            "isBuyerMaker": false,
            "isBestMatch": true
        },
        {
            "id": 924636,
            "price": "1.44470000",
            "qty": "253.00000000",
            "quoteQty": "365.50910000",
            "time": 1732292035881,
            "isBuyerMaker": false,
            "isBestMatch": true
        },
        {
            "id": 924637,
            "price": "1.44470000",
            "qty": "274.00000000",
            "quoteQty": "395.84780000",
            "time": 1732292035897,
            "isBuyerMaker": false,
            "isBestMatch": true
        },
        {
            "id": 924638,
            "price": "1.44470000",
            "qty": "201.00000000",
            "quoteQty": "290.38470000",
            "time": 1732292037342,
            "isBuyerMaker": false,
            "isBestMatch": true
        },
        {
            "id": 924639,
            "price": "1.44470000",
            "qty": "177.00000000",
            "quoteQty": "255.71190000",
            "time": 1732292038626,
            "isBuyerMaker": false,
            "isBestMatch": true
        },
        {
            "id": 924640,
            "price": "1.44450000",
            "qty": "140.00000000",
            "quoteQty": "202.23000000",
            "time": 1732292042525,
            "isBuyerMaker": true,
            "isBestMatch": true
        },
        {
            "id": 924641,
            "price": "1.44470000",
            "qty": "256.00000000",
            "quoteQty": "369.84320000",
            "time": 1732292043544,
            "isBuyerMaker": false,
            "isBestMatch": true
        },
        {
            "id": 924642,
            "price": "1.44450000",
            "qty": "7.00000000",
            "quoteQty": "10.11150000",
            "time": 1732292044524,
            "isBuyerMaker": true,
            "isBestMatch": true
        },
        {
            "id": 924643,
            "price": "1.44470000",
            "qty": "281.00000000",
            "quoteQty": "405.96070000",
            "time": 1732292045022,
            "isBuyerMaker": false,
            "isBestMatch": true
        },
        {
            "id": 924644,
            "price": "1.44450000",
            "qty": "89.00000000",
            "quoteQty": "128.56050000",
            "time": 1732292045532,
            "isBuyerMaker": true,
            "isBestMatch": true
        },
        {
            "id": 924645,
            "price": "1.44470000",
            "qty": "249.00000000",
            "quoteQty": "359.73030000",
            "time": 1732292047260,
            "isBuyerMaker": false,
            "isBestMatch": true
        },
        {
            "id": 924646,
            "price": "1.44470000",
            "qty": "253.00000000",
            "quoteQty": "365.50910000",
            "time": 1732292047271,
            "isBuyerMaker": false,
            "isBestMatch": true
        },
        {
            "id": 924647,
            "price": "1.44470000",
            "qty": "191.00000000",
            "quoteQty": "275.93770000",
            "time": 1732292047277,
            "isBuyerMaker": false,
            "isBestMatch": true
        },
        {
            "id": 924648,
            "price": "1.44440000",
            "qty": "6.00000000",
            "quoteQty": "8.66640000",
            "time": 1732292047524,
            "isBuyerMaker": true,
            "isBestMatch": true
        },
        {
            "id": 924649,
            "price": "1.44470000",
            "qty": "128.00000000",
            "quoteQty": "184.92160000",
            "time": 1732292047528,
            "isBuyerMaker": false,
            "isBestMatch": true
        },
        {
            "id": 924650,
            "price": "1.44470000",
            "qty": "184.00000000",
            "quoteQty": "265.82480000",
            "time": 1732292048526,
            "isBuyerMaker": false,
            "isBestMatch": true
        },
        {
            "id": 924651,
            "price": "1.44470000",
            "qty": "246.00000000",
            "quoteQty": "355.39620000",
            "time": 1732292049366,
            "isBuyerMaker": false,
            "isBestMatch": true
        },
        {
            "id": 924652,
            "price": "1.44470000",
            "qty": "249.00000000",
            "quoteQty": "359.73030000",
            "time": 1732292049378,
            "isBuyerMaker": false,
            "isBestMatch": true
        },
        {
            "id": 924653,
            "price": "1.44440000",
            "qty": "97.00000000",
            "quoteQty": "140.10680000",
            "time": 1732292049524,
            "isBuyerMaker": true,
            "isBestMatch": true
        },
        {
            "id": 924654,
            "price": "1.44470000",
            "qty": "263.00000000",
            "quoteQty": "379.95610000",
            "time": 1732292049525,
            "isBuyerMaker": false,
            "isBestMatch": true
        },
        {
            "id": 924655,
            "price": "1.44470000",
            "qty": "315.00000000",
            "quoteQty": "455.08050000",
            "time": 1732292050527,
            "isBuyerMaker": false,
            "isBestMatch": true
        },
        {
            "id": 924656,
            "price": "1.44470000",
            "qty": "204.00000000",
            "quoteQty": "294.71880000",
            "time": 1732292051041,
            "isBuyerMaker": false,
            "isBestMatch": true
        },
        {
            "id": 924657,
            "price": "1.44470000",
            "qty": "325.00000000",
            "quoteQty": "469.52750000",
            "time": 1732292052531,
            "isBuyerMaker": false,
            "isBestMatch": true
        },
        {
            "id": 924658,
            "price": "1.44470000",
            "qty": "204.00000000",
            "quoteQty": "294.71880000",
            "time": 1732292052858,
            "isBuyerMaker": false,
            "isBestMatch": true
        },
        {
            "id": 924659,
            "price": "1.44470000",
            "qty": "187.00000000",
            "quoteQty": "270.15890000",
            "time": 1732292053533,
            "isBuyerMaker": false,
            "isBestMatch": true
        },
        {
            "id": 924660,
            "price": "1.44470000",
            "qty": "280.00000000",
            "quoteQty": "404.51600000",
            "time": 1732292054031,
            "isBuyerMaker": false,
            "isBestMatch": true
        },
        {
            "id": 924661,
            "price": "1.44470000",
            "qty": "339.00000000",
            "quoteQty": "489.75330000",
            "time": 1732292054050,
            "isBuyerMaker": false,
            "isBestMatch": true
        },
        {
            "id": 924662,
            "price": "1.44470000",
            "qty": "177.00000000",
            "quoteQty": "255.71190000",
            "time": 1732292054071,
            "isBuyerMaker": false,
            "isBestMatch": true
        },
        {
            "id": 924663,
            "price": "1.44470000",
            "qty": "339.00000000",
            "quoteQty": "489.75330000",
            "time": 1732292054536,
            "isBuyerMaker": false,
            "isBestMatch": true
        },
        {
            "id": 924664,
            "price": "1.44470000",
            "qty": "232.00000000",
            "quoteQty": "335.17040000",
            "time": 1732292055529,
            "isBuyerMaker": false,
            "isBestMatch": true
        },
        {
            "id": 924665,
            "price": "1.44470000",
            "qty": "301.00000000",
            "quoteQty": "434.85470000",
            "time": 1732292055539,
            "isBuyerMaker": false,
            "isBestMatch": true
        },
        {
            "id": 924666,
            "price": "1.44470000",
            "qty": "270.00000000",
            "quoteQty": "390.06900000",
            "time": 1732292055557,
            "isBuyerMaker": false,
            "isBestMatch": true
        },
        {
            "id": 924667,
            "price": "1.44470000",
            "qty": "287.00000000",
            "quoteQty": "414.62890000",
            "time": 1732292055570,
            "isBuyerMaker": false,
            "isBestMatch": true
        },
        {
            "id": 924668,
            "price": "1.44470000",
            "qty": "239.00000000",
            "quoteQty": "345.28330000",
            "time": 1732292055578,
            "isBuyerMaker": false,
            "isBestMatch": true
        },
        {
            "id": 924669,
            "price": "1.44470000",
            "qty": "267.00000000",
            "quoteQty": "385.73490000",
            "time": 1732292055584,
            "isBuyerMaker": false,
            "isBestMatch": true
        },
        {
            "id": 924670,
            "price": "1.44470000",
            "qty": "274.00000000",
            "quoteQty": "395.84780000",
            "time": 1732292055595,
            "isBuyerMaker": false,
            "isBestMatch": true
        },
        {
            "id": 924671,
            "price": "1.44470000",
            "qty": "280.00000000",
            "quoteQty": "404.51600000",
            "time": 1732292056528,
            "isBuyerMaker": false,
            "isBestMatch": true
        },
        {
            "id": 924672,
            "price": "1.44470000",
            "qty": "229.00000000",
            "quoteQty": "330.83630000",
            "time": 1732292056766,
            "isBuyerMaker": false,
            "isBestMatch": true
        },
        {
            "id": 924673,
            "price": "1.44470000",
            "qty": "311.00000000",
            "quoteQty": "449.30170000",
            "time": 1732292057745,
            "isBuyerMaker": false,
            "isBestMatch": true
        },
        {
            "id": 924674,
            "price": "1.44470000",
            "qty": "343.00000000",
            "quoteQty": "495.53210000",
            "time": 1732292057759,
            "isBuyerMaker": false,
            "isBestMatch": true
        },
        {
            "id": 924675,
            "price": "1.44470000",
            "qty": "311.00000000",
            "quoteQty": "449.30170000",
            "time": 1732292059164,
            "isBuyerMaker": false,
            "isBestMatch": true
        },
        {
            "id": 924676,
            "price": "1.44470000",
            "qty": "204.00000000",
            "quoteQty": "294.71880000",
            "time": 1732292060636,
            "isBuyerMaker": false,
            "isBestMatch": true
        },
        {
            "id": 924677,
            "price": "1.44470000",
            "qty": "294.00000000",
            "quoteQty": "424.74180000",
            "time": 1732292061819,
            "isBuyerMaker": false,
            "isBestMatch": true
        },
        {
            "id": 924678,
            "price": "1.44470000",
            "qty": "284.00000000",
            "quoteQty": "410.29480000",
            "time": 1732292061831,
            "isBuyerMaker": false,
            "isBestMatch": true
        },
        {
            "id": 924679,
            "price": "1.44470000",
            "qty": "229.00000000",
            "quoteQty": "330.83630000",
            "time": 1732292061846,
            "isBuyerMaker": false,
            "isBestMatch": true
        },
        {
            "id": 924680,
            "price": "1.44470000",
            "qty": "239.00000000",
            "quoteQty": "345.28330000",
            "time": 1732292063118,
            "isBuyerMaker": false,
            "isBestMatch": true
        },
        {
            "id": 924681,
            "price": "1.44470000",
            "qty": "47.00000000",
            "quoteQty": "67.90090000",
            "time": 1732292064526,
            "isBuyerMaker": false,
            "isBestMatch": true
        },
        {
            "id": 924682,
            "price": "1.44470000",
            "qty": "253.00000000",
            "quoteQty": "365.50910000",
            "time": 1732292065014,
            "isBuyerMaker": false,
            "isBestMatch": true
        },
        {
            "id": 924683,
            "price": "1.44470000",
            "qty": "315.00000000",
            "quoteQty": "455.08050000",
            "time": 1732292065526,
            "isBuyerMaker": false,
            "isBestMatch": true
        },
        {
            "id": 924684,
            "price": "1.44470000",
            "qty": "336.00000000",
            "quoteQty": "485.41920000",
            "time": 1732292065859,
            "isBuyerMaker": false,
            "isBestMatch": true
        },
        {
            "id": 924685,
            "price": "1.44470000",
            "qty": "242.00000000",
            "quoteQty": "349.61740000",
            "time": 1732292067119,
            "isBuyerMaker": false,
            "isBestMatch": true
        },
        {
            "id": 924686,
            "price": "1.44470000",
            "qty": "208.00000000",
            "quoteQty": "300.49760000",
            "time": 1732292067132,
            "isBuyerMaker": false,
            "isBestMatch": true
        },
        {
            "id": 924687,
            "price": "1.44470000",
            "qty": "311.00000000",
            "quoteQty": "449.30170000",
            "time": 1732292067148,
            "isBuyerMaker": false,
            "isBestMatch": true
        },
        {
            "id": 924688,
            "price": "1.44470000",
            "qty": "246.00000000",
            "quoteQty": "355.39620000",
            "time": 1732292068646,
            "isBuyerMaker": false,
            "isBestMatch": true
        },
        {
            "id": 924689,
            "price": "1.44470000",
            "qty": "318.00000000",
            "quoteQty": "459.41460000",
            "time": 1732292068664,
            "isBuyerMaker": false,
            "isBestMatch": true
        },
        {
            "id": 924690,
            "price": "1.44470000",
            "qty": "190.00000000",
            "quoteQty": "274.49300000",
            "time": 1732292069920,
            "isBuyerMaker": false,
            "isBestMatch": true
        },
        {
            "id": 924691,
            "price": "1.44470000",
            "qty": "336.00000000",
            "quoteQty": "485.41920000",
            "time": 1732292069925,
            "isBuyerMaker": false,
            "isBestMatch": true
        },
        {
            "id": 924692,
            "price": "1.44470000",
            "qty": "180.00000000",
            "quoteQty": "260.04600000",
            "time": 1732292069940,
            "isBuyerMaker": false,
            "isBestMatch": true
        },
        {
            "id": 924693,
            "price": "1.44470000",
            "qty": "319.00000000",
            "quoteQty": "460.85930000",
            "time": 1732292069955,
            "isBuyerMaker": false,
            "isBestMatch": true
        },
        {
            "id": 924694,
            "price": "1.44470000",
            "qty": "243.00000000",
            "quoteQty": "351.06210000",
            "time": 1732292069978,
            "isBuyerMaker": false,
            "isBestMatch": true
        },
        {
            "id": 924695,
            "price": "1.44470000",
            "qty": "95.00000000",
            "quoteQty": "137.24650000",
            "time": 1732292070528,
            "isBuyerMaker": false,
            "isBestMatch": true
        },
        {
            "id": 924696,
            "price": "1.44470000",
            "qty": "191.00000000",
            "quoteQty": "275.93770000",
            "time": 1732292071414,
            "isBuyerMaker": false,
            "isBestMatch": true
        },
        {
            "id": 924697,
            "price": "1.44470000",
            "qty": "325.00000000",
            "quoteQty": "469.52750000",
            "time": 1732292071422,
            "isBuyerMaker": false,
            "isBestMatch": true
        },
        {
            "id": 924698,
            "price": "1.44470000",
            "qty": "270.00000000",
            "quoteQty": "390.06900000",
            "time": 1732292071432,
            "isBuyerMaker": false,
            "isBestMatch": true
        },
        {
            "id": 924699,
            "price": "1.44470000",
            "qty": "250.00000000",
            "quoteQty": "361.17500000",
            "time": 1732292071442,
            "isBuyerMaker": false,
            "isBestMatch": true
        },
        {
            "id": 924700,
            "price": "1.44470000",
            "qty": "208.00000000",
            "quoteQty": "300.49760000",
            "time": 1732292071449,
            "isBuyerMaker": false,
            "isBestMatch": true
        },
        {
            "id": 924701,
            "price": "1.44470000",
            "qty": "291.00000000",
            "quoteQty": "420.40770000",
            "time": 1732292073035,
            "isBuyerMaker": false,
            "isBestMatch": true
        },
        {
            "id": 924702,
            "price": "1.44470000",
            "qty": "232.00000000",
            "quoteQty": "335.17040000",
            "time": 1732292074514,
            "isBuyerMaker": false,
            "isBestMatch": true
        },
        {
            "id": 924703,
            "price": "1.44470000",
            "qty": "294.00000000",
            "quoteQty": "424.74180000",
            "time": 1732292074524,
            "isBuyerMaker": false,
            "isBestMatch": true
        },
        {
            "id": 924704,
            "price": "1.44470000",
            "qty": "229.00000000",
            "quoteQty": "330.83630000",
            "time": 1732292075713,
            "isBuyerMaker": false,
            "isBestMatch": true
        },
        {
            "id": 924705,
            "price": "1.44470000",
            "qty": "295.00000000",
            "quoteQty": "426.18650000",
            "time": 1732292075720,
            "isBuyerMaker": false,
            "isBestMatch": true
        },
        {
            "id": 924706,
            "price": "1.44470000",
            "qty": "194.00000000",
            "quoteQty": "280.27180000",
            "time": 1732292076583,
            "isBuyerMaker": false,
            "isBestMatch": true
        },
        {
            "id": 924707,
            "price": "1.44470000",
            "qty": "322.00000000",
            "quoteQty": "465.19340000",
            "time": 1732292078100,
            "isBuyerMaker": false,
            "isBestMatch": true
        },
        {
            "id": 924708,
            "price": "1.44470000",
            "qty": "257.00000000",
            "quoteQty": "371.28790000",
            "time": 1732292079340,
            "isBuyerMaker": false,
            "isBestMatch": true
        },
        {
            "id": 924709,
            "price": "1.44470000",
            "qty": "191.00000000",
            "quoteQty": "275.93770000",
            "time": 1732292079350,
            "isBuyerMaker": false,
            "isBestMatch": true
        },
        {
            "id": 924710,
            "price": "1.44470000",
            "qty": "215.00000000",
            "quoteQty": "310.61050000",
            "time": 1732292079530,
            "isBuyerMaker": false,
            "isBestMatch": true
        },
        {
            "id": 924711,
            "price": "1.44470000",
            "qty": "336.00000000",
            "quoteQty": "485.41920000",
            "time": 1732292080404,
            "isBuyerMaker": false,
            "isBestMatch": true
        },
        {
            "id": 924712,
            "price": "1.44470000",
            "qty": "312.00000000",
            "quoteQty": "450.74640000",
            "time": 1732292080418,
            "isBuyerMaker": false,
            "isBestMatch": true
        },
        {
            "id": 924713,
            "price": "1.44470000",
            "qty": "253.00000000",
            "quoteQty": "365.50910000",
            "time": 1732292080526,
            "isBuyerMaker": false,
            "isBestMatch": true
        },
        {
            "id": 924714,
            "price": "1.44470000",
            "qty": "229.00000000",
            "quoteQty": "330.83630000",
            "time": 1732292082212,
            "isBuyerMaker": false,
            "isBestMatch": true
        },
        {
            "id": 924715,
            "price": "1.44630000",
            "qty": "187.00000000",
            "quoteQty": "270.45810000",
            "time": 1732292085150,
            "isBuyerMaker": false,
            "isBestMatch": true
        },
        {
            "id": 924716,
            "price": "1.44630000",
            "qty": "111.00000000",
            "quoteQty": "160.53930000",
            "time": 1732292085150,
            "isBuyerMaker": false,
            "isBestMatch": true
        },
        {
            "id": 924717,
            "price": "1.44630000",
            "qty": "246.00000000",
            "quoteQty": "355.78980000",
            "time": 1732292086098,
            "isBuyerMaker": false,
            "isBestMatch": true
        },
        {
            "id": 924718,
            "price": "1.44630000",
            "qty": "267.00000000",
            "quoteQty": "386.16210000",
            "time": 1732292086120,
            "isBuyerMaker": false,
            "isBestMatch": true
        },
        {
            "id": 924719,
            "price": "1.44630000",
            "qty": "218.00000000",
            "quoteQty": "315.29340000",
            "time": 1732292086137,
            "isBuyerMaker": false,
            "isBestMatch": true
        },
        {
            "id": 924720,
            "price": "1.44630000",
            "qty": "256.00000000",
            "quoteQty": "370.25280000",
            "time": 1732292087791,
            "isBuyerMaker": false,
            "isBestMatch": true
        },
        {
            "id": 924721,
            "price": "1.44630000",
            "qty": "253.00000000",
            "quoteQty": "365.91390000",
            "time": 1732292088797,
            "isBuyerMaker": false,
            "isBestMatch": true
        },
        {
            "id": 924722,
            "price": "1.44630000",
            "qty": "197.00000000",
            "quoteQty": "284.92110000",
            "time": 1732292088811,
            "isBuyerMaker": false,
            "isBestMatch": true
        },
        {
            "id": 924723,
            "price": "1.44630000",
            "qty": "270.00000000",
            "quoteQty": "390.50100000",
            "time": 1732292090340,
            "isBuyerMaker": false,
            "isBestMatch": true
        },
        {
            "id": 924724,
            "price": "1.44630000",
            "qty": "315.00000000",
            "quoteQty": "455.58450000",
            "time": 1732292091794,
            "isBuyerMaker": false,
            "isBestMatch": true
        },
        {
            "id": 924725,
            "price": "1.44630000",
            "qty": "253.00000000",
            "quoteQty": "365.91390000",
            "time": 1732292091811,
            "isBuyerMaker": false,
            "isBestMatch": true
        },
        {
            "id": 924726,
            "price": "1.44630000",
            "qty": "263.00000000",
            "quoteQty": "380.37690000",
            "time": 1732292091828,
            "isBuyerMaker": false,
            "isBestMatch": true
        },
        {
            "id": 924727,
            "price": "1.44630000",
            "qty": "191.00000000",
            "quoteQty": "276.24330000",
            "time": 1732292093072,
            "isBuyerMaker": false,
            "isBestMatch": true
        },
        {
            "id": 924728,
            "price": "1.44630000",
            "qty": "242.00000000",
            "quoteQty": "350.00460000",
            "time": 1732292093084,
            "isBuyerMaker": false,
            "isBestMatch": true
        },
        {
            "id": 924729,
            "price": "1.44630000",
            "qty": "329.00000000",
            "quoteQty": "475.83270000",
            "time": 1732292094253,
            "isBuyerMaker": false,
            "isBestMatch": true
        },
        {
            "id": 924730,
            "price": "1.44630000",
            "qty": "301.00000000",
            "quoteQty": "435.33630000",
            "time": 1732292095204,
            "isBuyerMaker": false,
            "isBestMatch": true
        },
        {
            "id": 924731,
            "price": "1.44630000",
            "qty": "335.00000000",
            "quoteQty": "484.51050000",
            "time": 1732292096571,
            "isBuyerMaker": false,
            "isBestMatch": true
        },
        {
            "id": 924732,
            "price": "1.44630000",
            "qty": "253.00000000",
            "quoteQty": "365.91390000",
            "time": 1732292096592,
            "isBuyerMaker": false,
            "isBestMatch": true
        },
        {
            "id": 924733,
            "price": "1.44630000",
            "qty": "266.00000000",
            "quoteQty": "384.71580000",
            "time": 1732292096611,
            "isBuyerMaker": false,
            "isBestMatch": true
        },
        {
            "id": 924734,
            "price": "1.44630000",
            "qty": "73.00000000",
            "quoteQty": "105.57990000",
            "time": 1732292097530,
            "isBuyerMaker": false,
            "isBestMatch": true
        },
        {
            "id": 924735,
            "price": "1.44630000",
            "qty": "204.00000000",
            "quoteQty": "295.04520000",
            "time": 1732292097857,
            "isBuyerMaker": false,
            "isBestMatch": true
        },
        {
            "id": 924736,
            "price": "1.44630000",
            "qty": "246.00000000",
            "quoteQty": "355.78980000",
            "time": 1732292099296,
            "isBuyerMaker": false,
            "isBestMatch": true
        },
        {
            "id": 924737,
            "price": "1.44630000",
            "qty": "194.00000000",
            "quoteQty": "280.58220000",
            "time": 1732292100533,
            "isBuyerMaker": false,
            "isBestMatch": true
        },
        {
            "id": 924738,
            "price": "1.44630000",
            "qty": "311.00000000",
            "quoteQty": "449.79930000",
            "time": 1732292100544,
            "isBuyerMaker": false,
            "isBestMatch": true
        },
        {
            "id": 924739,
            "price": "1.44630000",
            "qty": "82.00000000",
            "quoteQty": "118.59660000",
            "time": 1732292101535,
            "isBuyerMaker": false,
            "isBestMatch": true
        },
        {
            "id": 924740,
            "price": "1.44630000",
            "qty": "287.00000000",
            "quoteQty": "415.08810000",
            "time": 1732292101748,
            "isBuyerMaker": false,
            "isBestMatch": true
        },
        {
            "id": 924741,
            "price": "1.44630000",
            "qty": "270.00000000",
            "quoteQty": "390.50100000",
            "time": 1732292101761,
            "isBuyerMaker": false,
            "isBestMatch": true
        },
        {
            "id": 924742,
            "price": "1.44810000",
            "qty": "66.00000000",
            "quoteQty": "95.57460000",
            "time": 1732292102529,
            "isBuyerMaker": false,
            "isBestMatch": true
        },
        {
            "id": 924743,
            "price": "1.44660000",
            "qty": "14.00000000",
            "quoteQty": "20.25240000",
            "time": 1732292105527,
            "isBuyerMaker": true,
            "isBestMatch": true
        },
        {
            "id": 924744,
            "price": "1.44710000",
            "qty": "208.00000000",
            "quoteQty": "300.99680000",
            "time": 1732292106813,
            "isBuyerMaker": false,
            "isBestMatch": true
        },
        {
            "id": 924745,
            "price": "1.44720000",
            "qty": "10.00000000",
            "quoteQty": "14.47200000",
            "time": 1732292106813,
            "isBuyerMaker": false,
            "isBestMatch": true
        },
        {
            "id": 924746,
            "price": "1.44720000",
            "qty": "109.00000000",
            "quoteQty": "157.74480000",
            "time": 1732292109530,
            "isBuyerMaker": false,
            "isBestMatch": true
        },
        {
            "id": 924747,
            "price": "1.44660000",
            "qty": "105.00000000",
            "quoteQty": "151.89300000",
            "time": 1732292110526,
            "isBuyerMaker": false,
            "isBestMatch": true
        },
        {
            "id": 924748,
            "price": "1.44600000",
            "qty": "343.00000000",
            "quoteQty": "495.97800000",
            "time": 1732292111863,
            "isBuyerMaker": true,
            "isBestMatch": true
        },
        {
            "id": 924749,
            "price": "1.44660000",
            "qty": "34.00000000",
            "quoteQty": "49.18440000",
            "time": 1732292112526,
            "isBuyerMaker": false,
            "isBestMatch": true
        },
        {
            "id": 924750,
            "price": "1.44590000",
            "qty": "203.00000000",
            "quoteQty": "293.51770000",
            "time": 1732292117527,
            "isBuyerMaker": false,
            "isBestMatch": true
        },
        {
            "id": 924751,
            "price": "1.44570000",
            "qty": "305.00000000",
            "quoteQty": "440.93850000",
            "time": 1732292118706,
            "isBuyerMaker": true,
            "isBestMatch": true
        },
        {
            "id": 924752,
            "price": "1.44580000",
            "qty": "336.00000000",
            "quoteQty": "485.78880000",
            "time": 1732292120525,
            "isBuyerMaker": false,
            "isBestMatch": true
        },
        {
            "id": 924753,
            "price": "1.44570000",
            "qty": "13.00000000",
            "quoteQty": "18.79410000",
            "time": 1732292120530,
            "isBuyerMaker": true,
            "isBestMatch": true
        },
        {
            "id": 924754,
            "price": "1.44590000",
            "qty": "12.00000000",
            "quoteQty": "17.35080000",
            "time": 1732292120751,
            "isBuyerMaker": false,
            "isBestMatch": true
        },
        {
            "id": 924755,
            "price": "1.44600000",
            "qty": "194.00000000",
            "quoteQty": "280.52400000",
            "time": 1732292120751,
            "isBuyerMaker": false,
            "isBestMatch": true
        },
        {
            "id": 924756,
            "price": "1.44610000",
            "qty": "140.00000000",
            "quoteQty": "202.45400000",
            "time": 1732292120751,
            "isBuyerMaker": false,
            "isBestMatch": true
        },
        {
            "id": 924757,
            "price": "1.44610000",
            "qty": "89.00000000",
            "quoteQty": "128.70290000",
            "time": 1732292120759,
            "isBuyerMaker": false,
            "isBestMatch": true
        },
        {
            "id": 924758,
            "price": "1.44620000",
            "qty": "229.00000000",
            "quoteQty": "331.17980000",
            "time": 1732292120759,
            "isBuyerMaker": false,
            "isBestMatch": true
        },
        {
            "id": 924759,
            "price": "1.44620000",
            "qty": "11.00000000",
            "quoteQty": "15.90820000",
            "time": 1732292121526,
            "isBuyerMaker": true,
            "isBestMatch": true
        },
        {
            "id": 924760,
            "price": "1.44640000",
            "qty": "242.00000000",
            "quoteQty": "350.02880000",
            "time": 1732292122472,
            "isBuyerMaker": false,
            "isBestMatch": true
        },
        {
            "id": 924761,
            "price": "1.44650000",
            "qty": "236.00000000",
            "quoteQty": "341.37400000",
            "time": 1732292124299,
            "isBuyerMaker": false,
            "isBestMatch": true
        },
        {
            "id": 924762,
            "price": "1.44670000",
            "qty": "204.00000000",
            "quoteQty": "295.12680000",
            "time": 1732292125374,
            "isBuyerMaker": false,
            "isBestMatch": true
        },
        {
            "id": 924763,
            "price": "1.44680000",
            "qty": "94.00000000",
            "quoteQty": "135.99920000",
            "time": 1732292125374,
            "isBuyerMaker": false,
            "isBestMatch": true
        },
        {
            "id": 924764,
            "price": "1.44680000",
            "qty": "208.00000000",
            "quoteQty": "300.93440000",
            "time": 1732292125382,
            "isBuyerMaker": false,
            "isBestMatch": true
        },
        {
            "id": 924765,
            "price": "1.44670000",
            "qty": "232.00000000",
            "quoteQty": "335.63440000",
            "time": 1732292127318,
            "isBuyerMaker": false,
            "isBestMatch": true
        },
        {
            "id": 924766,
            "price": "1.44750000",
            "qty": "226.00000000",
            "quoteQty": "327.13500000",
            "time": 1732292131526,
            "isBuyerMaker": false,
            "isBestMatch": true
        },
        {
            "id": 924767,
            "price": "1.44750000",
            "qty": "61.00000000",
            "quoteQty": "88.29750000",
            "time": 1732292132428,
            "isBuyerMaker": false,
            "isBestMatch": true
        },
        {
            "id": 924768,
            "price": "1.44760000",
            "qty": "140.00000000",
            "quoteQty": "202.66400000",
            "time": 1732292132428,
            "isBuyerMaker": false,
            "isBestMatch": true
        },
        {
            "id": 924769,
            "price": "1.44740000",
            "qty": "6.00000000",
            "quoteQty": "8.68440000",
            "time": 1732292132530,
            "isBuyerMaker": true,
            "isBestMatch": true
        },
        {
            "id": 924770,
            "price": "1.44780000",
            "qty": "234.00000000",
            "quoteQty": "338.78520000",
            "time": 1732292132530,
            "isBuyerMaker": false,
            "isBestMatch": true
        },
        {
            "id": 924771,
            "price": "1.44780000",
            "qty": "98.00000000",
            "quoteQty": "141.88440000",
            "time": 1732292133524,
            "isBuyerMaker": false,
            "isBestMatch": true
        },
        {
            "id": 924772,
            "price": "1.44740000",
            "qty": "271.00000000",
            "quoteQty": "392.24540000",
            "time": 1732292133526,
            "isBuyerMaker": true,
            "isBestMatch": true
        },
        {
            "id": 924773,
            "price": "1.44740000",
            "qty": "55.00000000",
            "quoteQty": "79.60700000",
            "time": 1732292133526,
            "isBuyerMaker": true,
            "isBestMatch": true
        },
        {
            "id": 924774,
            "price": "1.44790000",
            "qty": "225.00000000",
            "quoteQty": "325.77750000",
            "time": 1732292133955,
            "isBuyerMaker": false,
            "isBestMatch": true
        },
        {
            "id": 924775,
            "price": "1.44790000",
            "qty": "10.00000000",
            "quoteQty": "14.47900000",
            "time": 1732292133963,
            "isBuyerMaker": false,
            "isBestMatch": true
        },
        {
            "id": 924776,
            "price": "1.44800000",
            "qty": "298.00000000",
            "quoteQty": "431.50400000",
            "time": 1732292133963,
            "isBuyerMaker": false,
            "isBestMatch": true
        },
        {
            "id": 924777,
            "price": "1.44830000",
            "qty": "180.00000000",
            "quoteQty": "260.69400000",
            "time": 1732292135317,
            "isBuyerMaker": false,
            "isBestMatch": true
        },
        {
            "id": 924778,
            "price": "1.44830000",
            "qty": "100.00000000",
            "quoteQty": "144.83000000",
            "time": 1732292135317,
            "isBuyerMaker": false,
            "isBestMatch": true
        },
        {
            "id": 924779,
            "price": "1.44650000",
            "qty": "210.00000000",
            "quoteQty": "303.76500000",
            "time": 1732292135525,
            "isBuyerMaker": true,
            "isBestMatch": true
        },
        {
            "id": 924780,
            "price": "1.44840000",
            "qty": "18.00000000",
            "quoteQty": "26.07120000",
            "time": 1732292137528,
            "isBuyerMaker": true,
            "isBestMatch": true
        },
        {
            "id": 924781,
            "price": "1.44850000",
            "qty": "256.00000000",
            "quoteQty": "370.81600000",
            "time": 1732292138118,
            "isBuyerMaker": false,
            "isBestMatch": true
        },
        {
            "id": 924782,
            "price": "1.44850000",
            "qty": "277.00000000",
            "quoteQty": "401.23450000",
            "time": 1732292139807,
            "isBuyerMaker": false,
            "isBestMatch": true
        },
        {
            "id": 924783,
            "price": "1.44850000",
            "qty": "190.00000000",
            "quoteQty": "275.21500000",
            "time": 1732292141445,
            "isBuyerMaker": false,
            "isBestMatch": true
        },
        {
            "id": 924784,
            "price": "1.44850000",
            "qty": "270.00000000",
            "quoteQty": "391.09500000",
            "time": 1732292141469,
            "isBuyerMaker": false,
            "isBestMatch": true
        },
        {
            "id": 924785,
            "price": "1.44850000",
            "qty": "308.00000000",
            "quoteQty": "446.13800000",
            "time": 1732292141493,
            "isBuyerMaker": false,
            "isBestMatch": true
        },
        {
            "id": 924786,
            "price": "1.44850000",
            "qty": "204.00000000",
            "quoteQty": "295.49400000",
            "time": 1732292143669,
            "isBuyerMaker": false,
            "isBestMatch": true
        },
        {
            "id": 924787,
            "price": "1.44850000",
            "qty": "211.00000000",
            "quoteQty": "305.63350000",
            "time": 1732292143685,
            "isBuyerMaker": false,
            "isBestMatch": true
        },
        {
            "id": 924788,
            "price": "1.44850000",
            "qty": "194.00000000",
            "quoteQty": "281.00900000",
            "time": 1732292145688,
            "isBuyerMaker": false,
            "isBestMatch": true
        },
        {
            "id": 924789,
            "price": "1.44850000",
            "qty": "269.00000000",
            "quoteQty": "389.64650000",
            "time": 1732292147529,
            "isBuyerMaker": false,
            "isBestMatch": true
        },
        {
            "id": 924790,
            "price": "1.44850000",
            "qty": "197.00000000",
            "quoteQty": "285.35450000",
            "time": 1732292147584,
            "isBuyerMaker": false,
            "isBestMatch": true
        },
        {
            "id": 924791,
            "price": "1.44850000",
            "qty": "238.00000000",
            "quoteQty": "344.74300000",
            "time": 1732292147591,
            "isBuyerMaker": false,
            "isBestMatch": true
        },
        {
            "id": 924792,
            "price": "1.44850000",
            "qty": "345.00000000",
            "quoteQty": "499.73250000",
            "time": 1732292148525,
            "isBuyerMaker": false,
            "isBestMatch": true
        },
        {
            "id": 924793,
            "price": "1.44850000",
            "qty": "297.00000000",
            "quoteQty": "430.20450000",
            "time": 1732292149401,
            "isBuyerMaker": false,
            "isBestMatch": true
        },
        {
            "id": 924794,
            "price": "1.44850000",
            "qty": "314.00000000",
            "quoteQty": "454.82900000",
            "time": 1732292150836,
            "isBuyerMaker": false,
            "isBestMatch": true
        },
        {
            "id": 924795,
            "price": "1.44850000",
            "qty": "197.00000000",
            "quoteQty": "285.35450000",
            "time": 1732292150846,
            "isBuyerMaker": false,
            "isBestMatch": true
        },
        {
            "id": 924796,
            "price": "1.44850000",
            "qty": "197.00000000",
            "quoteQty": "285.35450000",
            "time": 1732292150855,
            "isBuyerMaker": false,
            "isBestMatch": true
        },
        {
            "id": 924797,
            "price": "1.44850000",
            "qty": "235.00000000",
            "quoteQty": "340.39750000",
            "time": 1732292152828,
            "isBuyerMaker": false,
            "isBestMatch": true
        },
        {
            "id": 924798,
            "price": "1.44850000",
            "qty": "256.00000000",
            "quoteQty": "370.81600000",
            "time": 1732292157367,
            "isBuyerMaker": false,
            "isBestMatch": true
        },
        {
            "id": 924799,
            "price": "1.44850000",
            "qty": "225.00000000",
            "quoteQty": "325.91250000",
            "time": 1732292157388,
            "isBuyerMaker": false,
            "isBestMatch": true
        },
        {
            "id": 924800,
            "price": "1.44850000",
            "qty": "187.00000000",
            "quoteQty": "270.86950000",
            "time": 1732292157405,
            "isBuyerMaker": false,
            "isBestMatch": true
        },
        {
            "id": 924801,
            "price": "1.44850000",
            "qty": "290.00000000",
            "quoteQty": "420.06500000",
            "time": 1732292160762,
            "isBuyerMaker": false,
            "isBestMatch": true
        },
        {
            "id": 924802,
            "price": "1.44850000",
            "qty": "318.00000000",
            "quoteQty": "460.62300000",
            "time": 1732292160772,
            "isBuyerMaker": false,
            "isBestMatch": true
        },
        {
            "id": 924803,
            "price": "1.44850000",
            "qty": "211.00000000",
            "quoteQty": "305.63350000",
            "time": 1732292160787,
            "isBuyerMaker": false,
            "isBestMatch": true
        },
        {
            "id": 924804,
            "price": "1.44850000",
            "qty": "194.00000000",
            "quoteQty": "281.00900000",
            "time": 1732292160804,
            "isBuyerMaker": false,
            "isBestMatch": true
        },
        {
            "id": 924805,
            "price": "1.44850000",
            "qty": "263.00000000",
            "quoteQty": "380.95550000",
            "time": 1732292160819,
            "isBuyerMaker": false,
            "isBestMatch": true
        },
        {
            "id": 924806,
            "price": "1.44850000",
            "qty": "304.00000000",
            "quoteQty": "440.34400000",
            "time": 1732292160834,
            "isBuyerMaker": false,
            "isBestMatch": true
        },
        {
            "id": 924807,
            "price": "1.44850000",
            "qty": "225.00000000",
            "quoteQty": "325.91250000",
            "time": 1732292160853,
            "isBuyerMaker": false,
            "isBestMatch": true
        },
        {
            "id": 924808,
            "price": "1.44850000",
            "qty": "225.00000000",
            "quoteQty": "325.91250000",
            "time": 1732292160872,
            "isBuyerMaker": false,
            "isBestMatch": true
        },
        {
            "id": 924809,
            "price": "1.44850000",
            "qty": "239.00000000",
            "quoteQty": "346.19150000",
            "time": 1732292162160,
            "isBuyerMaker": false,
            "isBestMatch": true
        },
        {
            "id": 924810,
            "price": "1.44850000",
            "qty": "311.00000000",
            "quoteQty": "450.48350000",
            "time": 1732292162173,
            "isBuyerMaker": false,
            "isBestMatch": true
        },
        {
            "id": 924811,
            "price": "1.44820000",
            "qty": "232.00000000",
            "quoteQty": "335.98240000",
            "time": 1732292162530,
            "isBuyerMaker": true,
            "isBestMatch": true
        },
        {
            "id": 924812,
            "price": "1.44810000",
            "qty": "65.00000000",
            "quoteQty": "94.12650000",
            "time": 1732292163526,
            "isBuyerMaker": true,
            "isBestMatch": true
        },
        {
            "id": 924813,
            "price": "1.44850000",
            "qty": "228.00000000",
            "quoteQty": "330.25800000",
            "time": 1732292163823,
            "isBuyerMaker": false,
            "isBestMatch": true
        },
        {
            "id": 924814,
            "price": "1.44850000",
            "qty": "270.00000000",
            "quoteQty": "391.09500000",
            "time": 1732292163830,
            "isBuyerMaker": false,
            "isBestMatch": true
        },
        {
            "id": 924815,
            "price": "1.44850000",
            "qty": "249.00000000",
            "quoteQty": "360.67650000",
            "time": 1732292163854,
            "isBuyerMaker": false,
            "isBestMatch": true
        },
        {
            "id": 924816,
            "price": "1.44850000",
            "qty": "225.00000000",
            "quoteQty": "325.91250000",
            "time": 1732292163878,
            "isBuyerMaker": false,
            "isBestMatch": true
        },
        {
            "id": 924817,
            "price": "1.44810000",
            "qty": "281.00000000",
            "quoteQty": "406.91610000",
            "time": 1732292164530,
            "isBuyerMaker": true,
            "isBestMatch": true
        },
        {
            "id": 924818,
            "price": "1.44850000",
            "qty": "269.00000000",
            "quoteQty": "389.64650000",
            "time": 1732292165399,
            "isBuyerMaker": false,
            "isBestMatch": true
        },
        {
            "id": 924819,
            "price": "1.44850000",
            "qty": "276.00000000",
            "quoteQty": "399.78600000",
            "time": 1732292165413,
            "isBuyerMaker": false,
            "isBestMatch": true
        },
        {
            "id": 924820,
            "price": "1.44850000",
            "qty": "176.00000000",
            "quoteQty": "254.93600000",
            "time": 1732292165428,
            "isBuyerMaker": false,
            "isBestMatch": true
        },
        {
            "id": 924821,
            "price": "1.44850000",
            "qty": "311.00000000",
            "quoteQty": "450.48350000",
            "time": 1732292165446,
            "isBuyerMaker": false,
            "isBestMatch": true
        },
        {
            "id": 924822,
            "price": "1.44850000",
            "qty": "187.00000000",
            "quoteQty": "270.86950000",
            "time": 1732292165467,
            "isBuyerMaker": false,
            "isBestMatch": true
        },
        {
            "id": 924823,
            "price": "1.44710000",
            "qty": "211.00000000",
            "quoteQty": "305.33810000",
            "time": 1732292166530,
            "isBuyerMaker": true,
            "isBestMatch": true
        },
        {
            "id": 924824,
            "price": "1.44850000",
            "qty": "245.00000000",
            "quoteQty": "354.88250000",
            "time": 1732292167119,
            "isBuyerMaker": false,
            "isBestMatch": true
        },
        {
            "id": 924825,
            "price": "1.44850000",
            "qty": "187.00000000",
            "quoteQty": "270.86950000",
            "time": 1732292167139,
            "isBuyerMaker": false,
            "isBestMatch": true
        },
        {
            "id": 924826,
            "price": "1.44680000",
            "qty": "140.00000000",
            "quoteQty": "202.55200000",
            "time": 1732292167530,
            "isBuyerMaker": true,
            "isBestMatch": true
        },
        {
            "id": 924827,
            "price": "1.44680000",
            "qty": "147.00000000",
            "quoteQty": "212.67960000",
            "time": 1732292168525,
            "isBuyerMaker": true,
            "isBestMatch": true
        },
        {
            "id": 924828,
            "price": "1.44850000",
            "qty": "325.00000000",
            "quoteQty": "470.76250000",
            "time": 1732292168789,
            "isBuyerMaker": false,
            "isBestMatch": true
        },
        {
            "id": 924829,
            "price": "1.44850000",
            "qty": "297.00000000",
            "quoteQty": "430.20450000",
            "time": 1732292168798,
            "isBuyerMaker": false,
            "isBestMatch": true
        },
        {
            "id": 924830,
            "price": "1.44850000",
            "qty": "180.00000000",
            "quoteQty": "260.73000000",
            "time": 1732292168809,
            "isBuyerMaker": false,
            "isBestMatch": true
        },
        {
            "id": 924831,
            "price": "1.44850000",
            "qty": "328.00000000",
            "quoteQty": "475.10800000",
            "time": 1732292168824,
            "isBuyerMaker": false,
            "isBestMatch": true
        },
        {
            "id": 924832,
            "price": "1.44850000",
            "qty": "177.00000000",
            "quoteQty": "256.38450000",
            "time": 1732292170239,
            "isBuyerMaker": false,
            "isBestMatch": true
        },
        {
            "id": 924833,
            "price": "1.44840000",
            "qty": "253.00000000",
            "quoteQty": "366.44520000",
            "time": 1732292172528,
            "isBuyerMaker": true,
            "isBestMatch": true
        },
        {
            "id": 924834,
            "price": "1.44850000",
            "qty": "206.00000000",
            "quoteQty": "298.39100000",
            "time": 1732292173530,
            "isBuyerMaker": false,
            "isBestMatch": true
        },
        {
            "id": 924835,
            "price": "1.44830000",
            "qty": "235.00000000",
            "quoteQty": "340.35050000",
            "time": 1732292174526,
            "isBuyerMaker": true,
            "isBestMatch": true
        },
        {
            "id": 924836,
            "price": "1.44960000",
            "qty": "180.00000000",
            "quoteQty": "260.92800000",
            "time": 1732292176521,
            "isBuyerMaker": false,
            "isBestMatch": true
        },
        {
            "id": 924837,
            "price": "1.44960000",
            "qty": "124.00000000",
            "quoteQty": "179.75040000",
            "time": 1732292177525,
            "isBuyerMaker": true,
            "isBestMatch": true
        },
        {
            "id": 924838,
            "price": "1.44970000",
            "qty": "273.00000000",
            "quoteQty": "395.76810000",
            "time": 1732292177654,
            "isBuyerMaker": false,
            "isBestMatch": true
        },
        {
            "id": 924839,
            "price": "1.44980000",
            "qty": "249.00000000",
            "quoteQty": "361.00020000",
            "time": 1732292178905,
            "isBuyerMaker": false,
            "isBestMatch": true
        },
        {
            "id": 924840,
            "price": "1.44980000",
            "qty": "7.00000000",
            "quoteQty": "10.14860000",
            "time": 1732292178905,
            "isBuyerMaker": false,
            "isBestMatch": true
        },
        {
            "id": 924841,
            "price": "1.44980000",
            "qty": "183.00000000",
            "quoteQty": "265.31340000",
            "time": 1732292180256,
            "isBuyerMaker": false,
            "isBestMatch": true
        },
        {
            "id": 924842,
            "price": "1.44980000",
            "qty": "321.00000000",
            "quoteQty": "465.38580000",
            "time": 1732292180280,
            "isBuyerMaker": false,
            "isBestMatch": true
        },
        {
            "id": 924843,
            "price": "1.44980000",
            "qty": "231.00000000",
            "quoteQty": "334.90380000",
            "time": 1732292180302,
            "isBuyerMaker": false,
            "isBestMatch": true
        },
        {
            "id": 924844,
            "price": "1.44970000",
            "qty": "59.00000000",
            "quoteQty": "85.53230000",
            "time": 1732292180525,
            "isBuyerMaker": true,
            "isBestMatch": true
        },
        {
            "id": 924845,
            "price": "1.44980000",
            "qty": "307.00000000",
