{
    "data": [
        {
            "agg_trade_id": 341773811,
            "price": "0.73020000",
            "quantity": "11.20000000",
            "first_trade_id": 526078481,
            "last_trade_id": 526078481,
            "timestamp": 1732039556338,
            "isBuyerMaker": false,
            "isBestMatch": true
        },
        {
            "agg_trade_id": 341773812,
            "price": "0.73020000",
            "quantity": "11.20000000",
            "first_trade_id": 526078482,
            "last_trade_id": 526078482,
            "timestamp": 1732039556338,
            "isBuyerMaker": false,
            "isBestMatch": true
        },
        {
            "agg_trade_id": 341773813,
            "price": "0.73020000",
            "quantity": "11.20000000",
            "first_trade_id": 526078483,
            "last_trade_id": 526078483,
            "timestamp": 1732039556338,
            "isBuyerMaker": false,
            "isBestMatch": true
        },
        {
            "agg_trade_id": 341773814,
            "price": "0.73020000",
            "quantity": "11.20000000",
            "first_trade_id": 526078484,
            "last_trade_id": 526078484,
            "timestamp": 1732039556338,
            "isBuyerMaker": false,
            "isBestMatch": true
        },
        {
            "agg_trade_id": 341773815,
            "price": "0.73020000",
            "quantity": "11.20000000",
            "first_trade_id": 526078485,
            "last_trade_id": 526078485,
            "timestamp": 1732039556338,
            "isBuyerMaker": false,
            "isBestMatch": true
        },
        {
            "agg_trade_id": 341773816,
            "price": "0.73020000",
            "quantity": "11.20000000",
            "first_trade_id": 526078486,
            "last_trade_id": 526078486,
            "timestamp": 1732039556338,
            "isBuyerMaker": false,
            "isBestMatch": true
        },
        {
            "agg_trade_id": 341773817,
            "price": "0.73020000",
            "quantity": "11.20000000",
            "first_trade_id": 526078487,
            "last_trade_id": 526078487,
            "timestamp": 1732039556338,
            "isBuyerMaker": false,
            "isBestMatch": true
        },
        {
            "agg_trade_id": 341773818,
            "price": "0.73020000",
            "quantity": "11.20000000",
            "first_trade_id": 526078488,
            "last_trade_id": 526078488,
            "timestamp": 1732039556338,
            "isBuyerMaker": false,
            "isBestMatch": true
        },
        {
            "agg_trade_id": 341773819,
            "price": "0.73020000",
            "quantity": "11.20000000",
            "first_trade_id": 526078489,
            "last_trade_id": 526078489,
            "timestamp": 1732039556338,
            "isBuyerMaker": false,
            "isBestMatch": true
        },
        {
            "agg_trade_id": 341773820,
            "price": "0.73020000",
            "quantity": "11.20000000",
            "first_trade_id": 526078490,
            "last_trade_id": 526078490,
            "timestamp": 1732039556339,
            "isBuyerMaker": false,
            "isBestMatch": true
        },
        {
            "agg_trade_id": 341773821,
            "price": "0.73020000",
            "quantity": "11.20000000",
            "first_trade_id": 526078491,
            "last_trade_id": 526078491,
            "timestamp": 1732039556339,
            "isBuyerMaker": false,
            "isBestMatch": true
        },
        {
            "agg_trade_id": 341773822,
            "price": "0.73020000",
            "quantity": "11.20000000",
            "first_trade_id": 526078492,
            "last_trade_id": 526078492,
            "timestamp": 1732039556339,
            "isBuyerMaker": false,
            "isBestMatch": true
        },
        {
            "agg_trade_id": 341773823,
            "price": "0.73030000",
            "quantity": "11.20000000",
            "first_trade_id": 526078493,
            "last_trade_id": 526078493,
            "timestamp": 1732039556339,
            "isBuyerMaker": false,
            "isBestMatch": true
        },
        {
            "agg_trade_id": 341773824,
            "price": "0.73030000",
            "quantity": "7.80000000",
            "first_trade_id": 526078494,
            "last_trade_id": 526078494,
            "timestamp": 1732039556339,
            "isBuyerMaker": false,
            "isBestMatch": true
        },
        {
            "agg_trade_id": 341773825,
            "price": "0.73030000",
            "quantity": "3149.40000000",
            "first_trade_id": 526078495,
            "last_trade_id": 526078500,
            "timestamp": 1732039557178,
            "isBuyerMaker": false,
            "isBestMatch": true
        },
        {
            "agg_trade_id": 341773826,
            "price": "0.73030000",
            "quantity": "21.60000000",
            "first_trade_id": 526078501,
            "last_trade_id": 526078503,
            "timestamp": 1732039557906,
            "isBuyerMaker": false,
            "isBestMatch": true
        },
        {
            "agg_trade_id": 341773827,
            "price": "0.73040000",
            "quantity": "2051.50000000",
            "first_trade_id": 526078504,
            "last_trade_id": 526078504,
            "timestamp": 1732039557907,
            "isBuyerMaker": false,
            "isBestMatch": true
        },
        {
            "agg_trade_id": 341773828,
            "price": "0.73050000",
            "quantity": "4355.70000000",
            "first_trade_id": 526078505,
            "last_trade_id": 526078507,
            "timestamp": 1732039557907,
            "isBuyerMaker": false,
            "isBestMatch": true
        },
        {
            "agg_trade_id": 341773829,
            "price": "0.73050000",
            "quantity": "1427.90000000",
            "first_trade_id": 526078508,
            "last_trade_id": 526078508,
            "timestamp": 1732039557907,
            "isBuyerMaker": false,
            "isBestMatch": true
        },
        {
            "agg_trade_id": 341773830,
            "price": "0.73050000",
            "quantity": "119.10000000",
            "first_trade_id": 526078509,
            "last_trade_id": 526078509,
            "timestamp": 1732039557939,
            "isBuyerMaker": false,
            "isBestMatch": true
        },
        {
            "agg_trade_id": 341773831,
            "price": "0.73040000",
            "quantity": "706.90000000",
            "first_trade_id": 526078510,
            "last_trade_id": 526078510,
            "timestamp": 1732039558195,
            "isBuyerMaker": true,
            "isBestMatch": true
        },
        {
            "agg_trade_id": 341773832,
            "price": "0.73040000",
            "quantity": "8365.80000000",
            "first_trade_id": 526078511,
            "last_trade_id": 526078515,
            "timestamp": 1732039561396,
            "isBuyerMaker": true,
            "isBestMatch": true
        },
        {
            "agg_trade_id": 341773833,
            "price": "0.73030000",
            "quantity": "1680.40000000",
            "first_trade_id": 526078516,
            "last_trade_id": 526078517,
            "timestamp": 1732039561406,
            "isBuyerMaker": true,
            "isBestMatch": true
        },
        {
            "agg_trade_id": 341773834,
            "price": "0.73020000",
            "quantity": "421.10000000",
            "first_trade_id": 526078518,
            "last_trade_id": 526078518,
            "timestamp": 1732039561414,
            "isBuyerMaker": true,
            "isBestMatch": true
        },
        {
            "agg_trade_id": 341773835,
            "price": "0.73020000",
            "quantity": "358.90000000",
            "first_trade_id": 526078519,
            "last_trade_id": 526078519,
            "timestamp": 1732039561414,
            "isBuyerMaker": true,
            "isBestMatch": true
        },
        {
            "agg_trade_id": 341773836,
            "price": "0.73010000",
            "quantity": "88.90000000",
            "first_trade_id": 526078520,
            "last_trade_id": 526078520,
            "timestamp": 1732039562060,
            "isBuyerMaker": false,
            "isBestMatch": true
        },
        {
            "agg_trade_id": 341773837,
            "price": "0.73010000",
            "quantity": "21.60000000",
            "first_trade_id": 526078521,
            "last_trade_id": 526078523,
            "timestamp": 1732039562897,
            "isBuyerMaker": false,
            "isBestMatch": true
        },
        {
            "agg_trade_id": 341773838,
            "price": "0.73020000",
            "quantity": "21.60000000",
            "first_trade_id": 526078524,
            "last_trade_id": 526078526,
            "timestamp": 1732039564109,
            "isBuyerMaker": false,
            "isBestMatch": true
        },
        {
            "agg_trade_id": 341773839,
            "price": "0.73030000",
            "quantity": "136.90000000",
            "first_trade_id": 526078527,
            "last_trade_id": 526078527,
            "timestamp": 1732039564109,
            "isBuyerMaker": false,
            "isBestMatch": true
        },
        {
            "agg_trade_id": 341773840,
            "price": "0.73030000",
            "quantity": "6.90000000",
            "first_trade_id": 526078528,
            "last_trade_id": 526078528,
            "timestamp": 1732039564184,
            "isBuyerMaker": true,
            "isBestMatch": true
        },
        {
            "agg_trade_id": 341773841,
            "price": "0.73030000",
            "quantity": "75.00000000",
            "first_trade_id": 526078529,
            "last_trade_id": 526078529,
            "timestamp": 1732039564186,
            "isBuyerMaker": true,
            "isBestMatch": true
        },
        {
            "agg_trade_id": 341773842,
            "price": "0.73040000",
            "quantity": "21.60000000",
            "first_trade_id": 526078530,
            "last_trade_id": 526078532,
            "timestamp": 1732039564308,
            "isBuyerMaker": false,
            "isBestMatch": true
        },
        {
            "agg_trade_id": 341773843,
            "price": "0.73050000",
            "quantity": "1367.50000000",
            "first_trade_id": 526078533,
            "last_trade_id": 526078533,
            "timestamp": 1732039566151,
            "isBuyerMaker": false,
            "isBestMatch": true
        },
        {
            "agg_trade_id": 341773844,
            "price": "0.73070000",
            "quantity": "11.20000000",
            "first_trade_id": 526078534,
            "last_trade_id": 526078534,
            "timestamp": 1732039566228,
            "isBuyerMaker": false,
            "isBestMatch": true
        },
        {
            "agg_trade_id": 341773845,
            "price": "0.73060000",
            "quantity": "158.50000000",
            "first_trade_id": 526078535,
            "last_trade_id": 526078535,
            "timestamp": 1732039567613,
            "isBuyerMaker": true,
            "isBestMatch": true
        },
        {
            "agg_trade_id": 341773846,
            "price": "0.73060000",
            "quantity": "348.40000000",
            "first_trade_id": 526078536,
            "last_trade_id": 526078536,
            "timestamp": 1732039567727,
            "isBuyerMaker": true,
            "isBestMatch": true
        },
        {
            "agg_trade_id": 341773847,
            "price": "0.73060000",
            "quantity": "1595.60000000",
            "first_trade_id": 526078537,
            "last_trade_id": 526078538,
            "timestamp": 1732039567728,
            "isBuyerMaker": true,
            "isBestMatch": true
        },
        {
            "agg_trade_id": 341773848,
            "price": "0.73050000",
            "quantity": "1151.60000000",
            "first_trade_id": 526078539,
            "last_trade_id": 526078539,
            "timestamp": 1732039567731,
            "isBuyerMaker": true,
            "isBestMatch": true
        },
        {
            "agg_trade_id": 341773849,
            "price": "0.73050000",
            "quantity": "92.80000000",
            "first_trade_id": 526078540,
            "last_trade_id": 526078540,
            "timestamp": 1732039567731,
            "isBuyerMaker": true,
            "isBestMatch": true
        },
        {
            "agg_trade_id": 341773850,
            "price": "0.73050000",
            "quantity": "122.90000000",
            "first_trade_id": 526078541,
            "last_trade_id": 526078541,
            "timestamp": 1732039567731,
            "isBuyerMaker": true,
            "isBestMatch": true
        },
        {
            "agg_trade_id": 341773851,
            "price": "0.73040000",
            "quantity": "567.30000000",
            "first_trade_id": 526078542,
            "last_trade_id": 526078542,
            "timestamp": 1732039572498,
            "isBuyerMaker": true,
            "isBestMatch": true
        },
        {
            "agg_trade_id": 341773852,
            "price": "0.73040000",
            "quantity": "1404.10000000",
            "first_trade_id": 526078543,
            "last_trade_id": 526078543,
            "timestamp": 1732039572502,
            "isBuyerMaker": true,
            "isBestMatch": true
        },
        {
            "agg_trade_id": 341773853,
            "price": "0.73040000",
            "quantity": "206.70000000",
            "first_trade_id": 526078544,
            "last_trade_id": 526078544,
            "timestamp": 1732039572507,
            "isBuyerMaker": true,
            "isBestMatch": true
        },
        {
            "agg_trade_id": 341773854,
            "price": "0.73030000",
            "quantity": "15.00000000",
            "first_trade_id": 526078545,
            "last_trade_id": 526078545,
            "timestamp": 1732039573023,
            "isBuyerMaker": true,
            "isBestMatch": true
        },
        {
            "agg_trade_id": 341773855,
            "price": "0.73030000",
            "quantity": "20.00000000",
            "first_trade_id": 526078546,
            "last_trade_id": 526078546,
            "timestamp": 1732039573078,
            "isBuyerMaker": true,
            "isBestMatch": true
        },
        {
            "agg_trade_id": 341773856,
            "price": "0.73040000",
            "quantity": "44.40000000",
            "first_trade_id": 526078547,
            "last_trade_id": 526078550,
            "timestamp": 1732039574243,
            "isBuyerMaker": false,
            "isBestMatch": true
        },
        {
            "agg_trade_id": 341773857,
            "price": "0.73050000",
            "quantity": "21.20000000",
            "first_trade_id": 526078551,
            "last_trade_id": 526078551,
            "timestamp": 1732039574243,
            "isBuyerMaker": false,
            "isBestMatch": true
        },
        {
            "agg_trade_id": 341773858,
            "price": "0.73050000",
            "quantity": "811.70000000",
            "first_trade_id": 526078552,
            "last_trade_id": 526078552,
            "timestamp": 1732039575526,
            "isBuyerMaker": false,
            "isBestMatch": true
        },
        {
            "agg_trade_id": 341773859,
            "price": "0.73050000",
            "quantity": "1185.60000000",
            "first_trade_id": 526078553,
            "last_trade_id": 526078558,
            "timestamp": 1732039575527,
            "isBuyerMaker": false,
            "isBestMatch": true
        },
        {
            "agg_trade_id": 341773860,
            "price": "0.73070000",
            "quantity": "11.20000000",
            "first_trade_id": 526078559,
            "last_trade_id": 526078559,
            "timestamp": 1732039575592,
            "isBuyerMaker": false,
            "isBestMatch": true
        },
        {
            "agg_trade_id": 341773861,
            "price": "0.73060000",
            "quantity": "245.40000000",
            "first_trade_id": 526078560,
            "last_trade_id": 526078561,
            "timestamp": 1732039575678,
            "isBuyerMaker": true,
            "isBestMatch": true
        },
        {
            "agg_trade_id": 341773862,
            "price": "0.73060000",
            "quantity": "58.90000000",
            "first_trade_id": 526078562,
            "last_trade_id": 526078562,
            "timestamp": 1732039575707,
            "isBuyerMaker": false,
            "isBestMatch": true
        },
        {
            "agg_trade_id": 341773863,
            "price": "0.73050000",
            "quantity": "566.30000000",
            "first_trade_id": 526078563,
            "last_trade_id": 526078564,
            "timestamp": 1732039575773,
            "isBuyerMaker": true,
            "isBestMatch": true
        },
        {
            "agg_trade_id": 341773864,
            "price": "0.73050000",
            "quantity": "478.20000000",
            "first_trade_id": 526078565,
            "last_trade_id": 526078565,
            "timestamp": 1732039575773,
            "isBuyerMaker": true,
            "isBestMatch": true
        },
        {
            "agg_trade_id": 341773865,
            "price": "0.73050000",
            "quantity": "840.10000000",
            "first_trade_id": 526078566,
            "last_trade_id": 526078566,
            "timestamp": 1732039575773,
            "isBuyerMaker": true,
            "isBestMatch": true
        },
        {
            "agg_trade_id": 341773866,
            "price": "0.73050000",
            "quantity": "69.00000000",
            "first_trade_id": 526078567,
            "last_trade_id": 526078576,
            "timestamp": 1732039575776,
            "isBuyerMaker": true,
            "isBestMatch": true
        },
        {
            "agg_trade_id": 341773867,
            "price": "0.73040000",
            "quantity": "7.20000000",
            "first_trade_id": 526078577,
            "last_trade_id": 526078577,
            "timestamp": 1732039575776,
            "isBuyerMaker": true,
            "isBestMatch": true
        },
        {
            "agg_trade_id": 341773868,
            "price": "0.73040000",
            "quantity": "567.40000000",
            "first_trade_id": 526078578,
            "last_trade_id": 526078578,
            "timestamp": 1732039575780,
            "isBuyerMaker": true,
            "isBestMatch": true
        },
        {
            "agg_trade_id": 341773869,
            "price": "0.73050000",
            "quantity": "456.10000000",
            "first_trade_id": 526078579,
            "last_trade_id": 526078579,
            "timestamp": 1732039576377,
            "isBuyerMaker": false,
            "isBestMatch": true
        },
        {
            "agg_trade_id": 341773870,
            "price": "0.73050000",
            "quantity": "11.60000000",
            "first_trade_id": 526078580,
            "last_trade_id": 526078580,
            "timestamp": 1732039577892,
            "isBuyerMaker": false,
            "isBestMatch": true
        },
        {
            "agg_trade_id": 341773871,
            "price": "0.73050000",
            "quantity": "456.20000000",
            "first_trade_id": 526078581,
            "last_trade_id": 526078581,
            "timestamp": 1732039578377,
            "isBuyerMaker": false,
            "isBestMatch": true
        },
        {
            "agg_trade_id": 341773872,
            "price": "0.73060000",
            "quantity": "11.20000000",
            "first_trade_id": 526078582,
            "last_trade_id": 526078582,
            "timestamp": 1732039579265,
            "isBuyerMaker": false,
            "isBestMatch": true
        },
        {
            "agg_trade_id": 341773873,
            "price": "0.73050000",
            "quantity": "200.50000000",
            "first_trade_id": 526078583,
            "last_trade_id": 526078583,
            "timestamp": 1732039579364,
            "isBuyerMaker": true,
            "isBestMatch": true
        },
        {
            "agg_trade_id": 341773874,
            "price": "0.73060000",
            "quantity": "456.20000000",
            "first_trade_id": 526078584,
            "last_trade_id": 526078584,
            "timestamp": 1732039579377,
            "isBuyerMaker": false,
            "isBestMatch": true
        },
        {
            "agg_trade_id": 341773875,
            "price": "0.73050000",
            "quantity": "1146.90000000",
            "first_trade_id": 526078585,
            "last_trade_id": 526078585,
            "timestamp": 1732039579701,
            "isBuyerMaker": true,
            "isBestMatch": true
        },
        {
            "agg_trade_id": 341773876,
            "price": "0.73050000",
            "quantity": "166.10000000",
            "first_trade_id": 526078586,
            "last_trade_id": 526078588,
            "timestamp": 1732039579701,
            "isBuyerMaker": true,
            "isBestMatch": true
        },
        {
            "agg_trade_id": 341773877,
            "price": "0.73040000",
            "quantity": "68.70000000",
            "first_trade_id": 526078589,
            "last_trade_id": 526078589,
            "timestamp": 1732039579755,
            "isBuyerMaker": true,
            "isBestMatch": true
        },
        {
            "agg_trade_id": 341773878,
            "price": "0.73040000",
            "quantity": "48.60000000",
            "first_trade_id": 526078590,
            "last_trade_id": 526078590,
            "timestamp": 1732039579903,
            "isBuyerMaker": true,
            "isBestMatch": true
        },
        {
            "agg_trade_id": 341773879,
            "price": "0.73060000",
            "quantity": "11.20000000",
            "first_trade_id": 526078591,
            "last_trade_id": 526078591,
            "timestamp": 1732039580275,
            "isBuyerMaker": false,
            "isBestMatch": true
        },
        {
            "agg_trade_id": 341773880,
            "price": "0.73050000",
            "quantity": "354.60000000",
            "first_trade_id": 526078592,
            "last_trade_id": 526078592,
            "timestamp": 1732039580520,
            "isBuyerMaker": true,
            "isBestMatch": true
        },
        {
            "agg_trade_id": 341773881,
            "price": "0.73060000",
            "quantity": "423.00000000",
            "first_trade_id": 526078593,
            "last_trade_id": 526078593,
            "timestamp": 1732039581115,
            "isBuyerMaker": false,
            "isBestMatch": true
        },
        {
            "agg_trade_id": 341773882,
            "price": "0.73050000",
            "quantity": "137.40000000",
            "first_trade_id": 526078594,
            "last_trade_id": 526078595,
            "timestamp": 1732039581257,
            "isBuyerMaker": true,
            "isBestMatch": true
        },
        {
            "agg_trade_id": 341773883,
            "price": "0.73040000",
            "quantity": "434.10000000",
            "first_trade_id": 526078596,
            "last_trade_id": 526078597,
            "timestamp": 1732039582127,
            "isBuyerMaker": true,
            "isBestMatch": true
        },
        {
            "agg_trade_id": 341773884,
            "price": "0.73050000",
            "quantity": "771.50000000",
            "first_trade_id": 526078598,
            "last_trade_id": 526078599,
            "timestamp": 1732039583305,
            "isBuyerMaker": false,
            "isBestMatch": true
        },
        {
            "agg_trade_id": 341773885,
            "price": "0.73050000",
            "quantity": "390.90000000",
            "first_trade_id": 526078600,
            "last_trade_id": 526078600,
            "timestamp": 1732039587403,
            "isBuyerMaker": false,
            "isBestMatch": true
        },
        {
            "agg_trade_id": 341773886,
            "price": "0.73050000",
            "quantity": "9.00000000",
            "first_trade_id": 526078601,
            "last_trade_id": 526078601,
            "timestamp": 1732039587771,
            "isBuyerMaker": false,
            "isBestMatch": true
        },
        {
            "agg_trade_id": 341773887,
            "price": "0.73040000",
            "quantity": "37.60000000",
            "first_trade_id": 526078602,
            "last_trade_id": 526078602,
            "timestamp": 1732039587907,
            "isBuyerMaker": true,
            "isBestMatch": true
        },
        {
            "agg_trade_id": 341773888,
            "price": "0.73040000",
            "quantity": "81.20000000",
            "first_trade_id": 526078603,
            "last_trade_id": 526078603,
            "timestamp": 1732039589024,
            "isBuyerMaker": true,
            "isBestMatch": true
        },
        {
            "agg_trade_id": 341773889,
            "price": "0.73040000",
            "quantity": "81.20000000",
            "first_trade_id": 526078604,
            "last_trade_id": 526078604,
            "timestamp": 1732039589027,
            "isBuyerMaker": true,
            "isBestMatch": true
        },
        {
            "agg_trade_id": 341773890,
            "price": "0.73040000",
            "quantity": "1444.10000000",
            "first_trade_id": 526078605,
            "last_trade_id": 526078606,
            "timestamp": 1732039589028,
            "isBuyerMaker": true,
            "isBestMatch": true
        },
        {
            "agg_trade_id": 341773891,
            "price": "0.73030000",
            "quantity": "358.60000000",
            "first_trade_id": 526078607,
            "last_trade_id": 526078607,
            "timestamp": 1732039589135,
            "isBuyerMaker": false,
            "isBestMatch": true
        },
        {
            "agg_trade_id": 341773892,
            "price": "0.73020000",
            "quantity": "124.90000000",
            "first_trade_id": 526078608,
            "last_trade_id": 526078608,
            "timestamp": 1732039589295,
            "isBuyerMaker": true,
            "isBestMatch": true
        },
        {
            "agg_trade_id": 341773893,
            "price": "0.73020000",
            "quantity": "1242.90000000",
            "first_trade_id": 526078609,
            "last_trade_id": 526078609,
            "timestamp": 1732039589296,
            "isBuyerMaker": true,
            "isBestMatch": true
        },
        {
            "agg_trade_id": 341773894,
            "price": "0.73010000",
            "quantity": "23.90000000",
            "first_trade_id": 526078610,
            "last_trade_id": 526078610,
            "timestamp": 1732039589897,
            "isBuyerMaker": true,
            "isBestMatch": true
        },
        {
            "agg_trade_id": 341773895,
            "price": "0.73010000",
            "quantity": "20.00000000",
            "first_trade_id": 526078611,
            "last_trade_id": 526078611,
            "timestamp": 1732039592272,
            "isBuyerMaker": true,
            "isBestMatch": true
        },
        {
            "agg_trade_id": 341773896,
            "price": "0.73020000",
            "quantity": "61.20000000",
            "first_trade_id": 526078612,
            "last_trade_id": 526078612,
            "timestamp": 1732039592936,
            "isBuyerMaker": false,
            "isBestMatch": true
        },
        {
            "agg_trade_id": 341773897,
            "price": "0.73010000",
            "quantity": "1368.20000000",
            "first_trade_id": 526078613,
            "last_trade_id": 526078613,
            "timestamp": 1732039592967,
            "isBuyerMaker": true,
            "isBestMatch": true
        },
        {
            "agg_trade_id": 341773898,
            "price": "0.73010000",
            "quantity": "91.00000000",
            "first_trade_id": 526078614,
            "last_trade_id": 526078614,
            "timestamp": 1732039593032,
            "isBuyerMaker": false,
            "isBestMatch": true
        },
        {
            "agg_trade_id": 341773899,
            "price": "0.73000000",
            "quantity": "95.60000000",
            "first_trade_id": 526078615,
            "last_trade_id": 526078615,
            "timestamp": 1732039593049,
            "isBuyerMaker": true,
            "isBestMatch": true
        },
        {
            "agg_trade_id": 341773900,
            "price": "0.72990000",
            "quantity": "110.20000000",
            "first_trade_id": 526078616,
            "last_trade_id": 526078616,
            "timestamp": 1732039593631,
            "isBuyerMaker": true,
            "isBestMatch": true
        },
        {
            "agg_trade_id": 341773901,
            "price": "0.72990000",
            "quantity": "378.30000000",
            "first_trade_id": 526078617,
            "last_trade_id": 526078617,
            "timestamp": 1732039595457,
            "isBuyerMaker": true,
            "isBestMatch": true
        },
        {
            "agg_trade_id": 341773902,
            "price": "0.73000000",
            "quantity": "37.30000000",
            "first_trade_id": 526078618,
            "last_trade_id": 526078618,
            "timestamp": 1732039595474,
            "isBuyerMaker": false,
            "isBestMatch": true
        },
        {
            "agg_trade_id": 341773903,
            "price": "0.72980000",
            "quantity": "128.20000000",
            "first_trade_id": 526078619,
            "last_trade_id": 526078619,
            "timestamp": 1732039595981,
            "isBuyerMaker": true,
            "isBestMatch": true
        },
        {
            "agg_trade_id": 341773904,
            "price": "0.72980000",
            "quantity": "683.30000000",
            "first_trade_id": 526078620,
            "last_trade_id": 526078620,
            "timestamp": 1732039596804,
            "isBuyerMaker": true,
            "isBestMatch": true
        },
        {
            "agg_trade_id": 341773905,
            "price": "0.72980000",
            "quantity": "2127.40000000",
            "first_trade_id": 526078621,
            "last_trade_id": 526078623,
            "timestamp": 1732039596805,
            "isBuyerMaker": true,
            "isBestMatch": true
        },
        {
            "agg_trade_id": 341773906,
            "price": "0.72980000",
            "quantity": "24.50000000",
            "first_trade_id": 526078624,
            "last_trade_id": 526078624,
            "timestamp": 1732039596820,
            "isBuyerMaker": false,
            "isBestMatch": true
        },
        {
            "agg_trade_id": 341773907,
            "price": "0.72970000",
            "quantity": "52.00000000",
            "first_trade_id": 526078625,
            "last_trade_id": 526078625,
            "timestamp": 1732039597010,
            "isBuyerMaker": true,
            "isBestMatch": true
        },
        {
            "agg_trade_id": 341773908,
            "price": "0.72970000",
            "quantity": "54.70000000",
            "first_trade_id": 526078626,
            "last_trade_id": 526078626,
            "timestamp": 1732039598154,
            "isBuyerMaker": false,
            "isBestMatch": true
        },
        {
            "agg_trade_id": 341773909,
            "price": "0.72960000",
            "quantity": "1369.00000000",
            "first_trade_id": 526078627,
            "last_trade_id": 526078627,
            "timestamp": 1732039598321,
            "isBuyerMaker": true,
            "isBestMatch": true
        },
        {
            "agg_trade_id": 341773910,
            "price": "0.72950000",
            "quantity": "60.20000000",
            "first_trade_id": 526078628,
            "last_trade_id": 526078628,
            "timestamp": 1732039598534,
            "isBuyerMaker": true,
            "isBestMatch": true
        },
        {
            "agg_trade_id": 341773911,
            "price": "0.72940000",
            "quantity": "517.40000000",
            "first_trade_id": 526078629,
            "last_trade_id": 526078636,
            "timestamp": 1732039598534,
            "isBuyerMaker": true,
            "isBestMatch": true
        },
        {
            "agg_trade_id": 341773912,
            "price": "0.72940000",
            "quantity": "577.50000000",
            "first_trade_id": 526078637,
            "last_trade_id": 526078637,
            "timestamp": 1732039600533,
            "isBuyerMaker": true,
            "isBestMatch": true
        },
        {
            "agg_trade_id": 341773913,
            "price": "0.72940000",
            "quantity": "128.50000000",
            "first_trade_id": 526078638,
            "last_trade_id": 526078638,
            "timestamp": 1732039601041,
            "isBuyerMaker": true,
            "isBestMatch": true
        },
        {
            "agg_trade_id": 341773914,
            "price": "0.72940000",
            "quantity": "1408.40000000",
            "first_trade_id": 526078639,
            "last_trade_id": 526078640,
            "timestamp": 1732039601041,
            "isBuyerMaker": true,
            "isBestMatch": true
        },
        {
            "agg_trade_id": 341773915,
            "price": "0.72930000",
            "quantity": "577.50000000",
            "first_trade_id": 526078641,
            "last_trade_id": 526078643,
            "timestamp": 1732039601536,
            "isBuyerMaker": true,
            "isBestMatch": true
        },
        {
            "agg_trade_id": 341773916,
            "price": "0.72930000",
            "quantity": "27.10000000",
            "first_trade_id": 526078644,
            "last_trade_id": 526078644,
            "timestamp": 1732039602512,
            "isBuyerMaker": true,
            "isBestMatch": true
        },
        {
            "agg_trade_id": 341773917,
            "price": "0.72920000",
            "quantity": "489.90000000",
            "first_trade_id": 526078645,
            "last_trade_id": 526078651,
            "timestamp": 1732039602621,
            "isBuyerMaker": true,
            "isBestMatch": true
        },
        {
            "agg_trade_id": 341773918,
            "price": "0.72930000",
            "quantity": "9.00000000",
            "first_trade_id": 526078652,
            "last_trade_id": 526078652,
            "timestamp": 1732039603889,
            "isBuyerMaker": false,
            "isBestMatch": true
        },
        {
            "agg_trade_id": 341773919,
            "price": "0.72930000",
            "quantity": "2355.90000000",
            "first_trade_id": 526078653,
            "last_trade_id": 526078659,
            "timestamp": 1732039603971,
            "isBuyerMaker": false,
            "isBestMatch": true
        },
        {
            "agg_trade_id": 341773920,
            "price": "0.72940000",
            "quantity": "2139.50000000",
            "first_trade_id": 526078660,
            "last_trade_id": 526078665,
            "timestamp": 1732039604018,
            "isBuyerMaker": false,
            "isBestMatch": true
        },
        {
            "agg_trade_id": 341773921,
            "price": "0.72940000",
            "quantity": "427.70000000",
            "first_trade_id": 526078666,
            "last_trade_id": 526078666,
            "timestamp": 1732039604019,
            "isBuyerMaker": false,
            "isBestMatch": true
        },
        {
            "agg_trade_id": 341773922,
            "price": "0.72940000",
            "quantity": "1301.60000000",
            "first_trade_id": 526078667,
            "last_trade_id": 526078670,
            "timestamp": 1732039604019,
            "isBuyerMaker": false,
            "isBestMatch": true
        },
        {
            "agg_trade_id": 341773923,
            "price": "0.72940000",
            "quantity": "138.20000000",
            "first_trade_id": 526078671,
            "last_trade_id": 526078671,
            "timestamp": 1732039604020,
            "isBuyerMaker": false,
            "isBestMatch": true
        },
        {
            "agg_trade_id": 341773924,
            "price": "0.72940000",
            "quantity": "357.40000000",
            "first_trade_id": 526078672,
            "last_trade_id": 526078672,
            "timestamp": 1732039604021,
            "isBuyerMaker": false,
            "isBestMatch": true
        },
        {
            "agg_trade_id": 341773925,
            "price": "0.72940000",
            "quantity": "304.90000000",
            "first_trade_id": 526078673,
            "last_trade_id": 526078678,
            "timestamp": 1732039604021,
            "isBuyerMaker": false,
            "isBestMatch": true
        },
        {
            "agg_trade_id": 341773926,
            "price": "0.72950000",
            "quantity": "3799.90000000",
            "first_trade_id": 526078679,
            "last_trade_id": 526078687,
            "timestamp": 1732039604068,
            "isBuyerMaker": false,
            "isBestMatch": true
        },
        {
            "agg_trade_id": 341773927,
            "price": "0.72940000",
            "quantity": "740.10000000",
            "first_trade_id": 526078688,
            "last_trade_id": 526078688,
            "timestamp": 1732039604211,
            "isBuyerMaker": true,
            "isBestMatch": true
        },
        {
            "agg_trade_id": 341773928,
            "price": "0.72940000",
            "quantity": "277.30000000",
            "first_trade_id": 526078689,
            "last_trade_id": 526078689,
            "timestamp": 1732039604214,
            "isBuyerMaker": true,
            "isBestMatch": true
        },
        {
            "agg_trade_id": 341773929,
            "price": "0.72940000",
            "quantity": "2070.00000000",
            "first_trade_id": 526078690,
            "last_trade_id": 526078691,
            "timestamp": 1732039604345,
            "isBuyerMaker": true,
            "isBestMatch": true
        },
        {
            "agg_trade_id": 341773930,
            "price": "0.72940000",
            "quantity": "1020.70000000",
            "first_trade_id": 526078692,
            "last_trade_id": 526078693,
            "timestamp": 1732039604384,
            "isBuyerMaker": false,
            "isBestMatch": true
        },
        {
            "agg_trade_id": 341773931,
            "price": "0.72930000",
            "quantity": "24.80000000",
            "first_trade_id": 526078694,
            "last_trade_id": 526078694,
            "timestamp": 1732039605021,
            "isBuyerMaker": true,
            "isBestMatch": true
        },
        {
            "agg_trade_id": 341773932,
            "price": "0.72940000",
            "quantity": "1402.40000000",
            "first_trade_id": 526078695,
            "last_trade_id": 526078696,
            "timestamp": 1732039605986,
            "isBuyerMaker": false,
            "isBestMatch": true
        },
        {
            "agg_trade_id": 341773933,
            "price": "0.72940000",
            "quantity": "3.30000000",
            "first_trade_id": 526078697,
            "last_trade_id": 526078697,
            "timestamp": 1732039605986,
            "isBuyerMaker": false,
            "isBestMatch": true
        },
        {
            "agg_trade_id": 341773934,
            "price": "0.72950000",
            "quantity": "2763.00000000",
            "first_trade_id": 526078698,
            "last_trade_id": 526078701,
            "timestamp": 1732039605986,
            "isBuyerMaker": false,
            "isBestMatch": true
        },
        {
            "agg_trade_id": 341773935,
            "price": "0.72960000",
            "quantity": "11.20000000",
            "first_trade_id": 526078702,
            "last_trade_id": 526078702,
            "timestamp": 1732039605988,
            "isBuyerMaker": false,
            "isBestMatch": true
        },
        {
            "agg_trade_id": 341773936,
            "price": "0.72970000",
            "quantity": "11.20000000",
            "first_trade_id": 526078703,
            "last_trade_id": 526078703,
            "timestamp": 1732039606194,
            "isBuyerMaker": false,
            "isBestMatch": true
        },
        {
            "agg_trade_id": 341773937,
            "price": "0.72960000",
            "quantity": "14.40000000",
            "first_trade_id": 526078704,
            "last_trade_id": 526078705,
            "timestamp": 1732039606612,
            "isBuyerMaker": true,
            "isBestMatch": true
        },
        {
            "agg_trade_id": 341773938,
            "price": "0.72960000",
            "quantity": "8.10000000",
            "first_trade_id": 526078706,
            "last_trade_id": 526078706,
            "timestamp": 1732039608549,
            "isBuyerMaker": false,
            "isBestMatch": true
        },
        {
            "agg_trade_id": 341773939,
            "price": "0.72970000",
            "quantity": "3.10000000",
            "first_trade_id": 526078707,
            "last_trade_id": 526078707,
            "timestamp": 1732039608549,
            "isBuyerMaker": false,
            "isBestMatch": true
        },
        {
            "agg_trade_id": 341773940,
            "price": "0.72980000",
            "quantity": "11.20000000",
            "first_trade_id": 526078708,
            "last_trade_id": 526078708,
            "timestamp": 1732039608832,
            "isBuyerMaker": false,
            "isBestMatch": true
        },
        {
            "agg_trade_id": 341773941,
            "price": "0.72970000",
            "quantity": "57.90000000",
            "first_trade_id": 526078709,
            "last_trade_id": 526078709,
            "timestamp": 1732039609955,
            "isBuyerMaker": true,
            "isBestMatch": true
        },
        {
            "agg_trade_id": 341773942,
            "price": "0.72980000",
            "quantity": "244.90000000",
            "first_trade_id": 526078710,
            "last_trade_id": 526078710,
            "timestamp": 1732039610325,
            "isBuyerMaker": false,
            "isBestMatch": true
        },
        {
            "agg_trade_id": 341773943,
            "price": "0.72970000",
            "quantity": "17.50000000",
            "first_trade_id": 526078711,
            "last_trade_id": 526078711,
            "timestamp": 1732039610611,
            "isBuyerMaker": true,
            "isBestMatch": true
        },
        {
            "agg_trade_id": 341773944,
            "price": "0.72970000",
            "quantity": "14.40000000",
            "first_trade_id": 526078712,
            "last_trade_id": 526078713,
            "timestamp": 1732039610613,
            "isBuyerMaker": true,
            "isBestMatch": true
        },
        {
            "agg_trade_id": 341773945,
            "price": "0.72960000",
            "quantity": "2459.70000000",
            "first_trade_id": 526078714,
            "last_trade_id": 526078715,
            "timestamp": 1732039610613,
            "isBuyerMaker": true,
            "isBestMatch": true
        },
        {
            "agg_trade_id": 341773946,
            "price": "0.72960000",
            "quantity": "2224.00000000",
            "first_trade_id": 526078716,
            "last_trade_id": 526078717,
            "timestamp": 1732039610613,
            "isBuyerMaker": true,
            "isBestMatch": true
        },
        {
            "agg_trade_id": 341773947,
            "price": "0.72960000",
            "quantity": "600.70000000",
            "first_trade_id": 526078718,
            "last_trade_id": 526078719,
            "timestamp": 1732039610613,
            "isBuyerMaker": true,
            "isBestMatch": true
        },
        {
            "agg_trade_id": 341773948,
            "price": "0.72960000",
            "quantity": "817.60000000",
            "first_trade_id": 526078720,
            "last_trade_id": 526078723,
            "timestamp": 1732039610616,
            "isBuyerMaker": true,
            "isBestMatch": true
        },
        {
            "agg_trade_id": 341773949,
            "price": "0.72970000",
            "quantity": "11.20000000",
            "first_trade_id": 526078724,
            "last_trade_id": 526078724,
            "timestamp": 1732039613673,
            "isBuyerMaker": false,
            "isBestMatch": true
        },
        {
            "agg_trade_id": 341773950,
            "price": "0.72970000",
            "quantity": "600.90000000",
            "first_trade_id": 526078725,
            "last_trade_id": 526078725,
            "timestamp": 1732039616075,
            "isBuyerMaker": false,
            "isBestMatch": true
        },
        {
            "agg_trade_id": 341773951,
            "price": "0.72970000",
            "quantity": "951.80000000",
            "first_trade_id": 526078726,
            "last_trade_id": 526078727,
            "timestamp": 1732039616075,
            "isBuyerMaker": false,
            "isBestMatch": true
        },
        {
            "agg_trade_id": 341773952,
            "price": "0.72970000",
            "quantity": "3128.20000000",
            "first_trade_id": 526078728,
            "last_trade_id": 526078733,
            "timestamp": 1732039616075,
            "isBuyerMaker": false,
            "isBestMatch": true
        },
        {
            "agg_trade_id": 341773953,
            "price": "0.72980000",
            "quantity": "6073.90000000",
            "first_trade_id": 526078734,
            "last_trade_id": 526078739,
            "timestamp": 1732039616076,
            "isBuyerMaker": false,
            "isBestMatch": true
        },
        {
            "agg_trade_id": 341773954,
            "price": "0.72980000",
            "quantity": "799.20000000",
            "first_trade_id": 526078740,
            "last_trade_id": 526078740,
            "timestamp": 1732039616077,
            "isBuyerMaker": false,
            "isBestMatch": true
        },
        {
            "agg_trade_id": 341773955,
            "price": "0.72980000",
            "quantity": "21.60000000",
            "first_trade_id": 526078741,
            "last_trade_id": 526078743,
            "timestamp": 1732039616078,
            "isBuyerMaker": false,
            "isBestMatch": true
        },
        {
            "agg_trade_id": 341773956,
            "price": "0.72990000",
            "quantity": "11.20000000",
            "first_trade_id": 526078744,
            "last_trade_id": 526078744,
            "timestamp": 1732039616079,
            "isBuyerMaker": false,
            "isBestMatch": true
        },
        {
            "agg_trade_id": 341773957,
            "price": "0.72990000",
            "quantity": "21.60000000",
            "first_trade_id": 526078745,
            "last_trade_id": 526078747,
            "timestamp": 1732039618616,
            "isBuyerMaker": false,
            "isBestMatch": true
        },
        {
            "agg_trade_id": 341773958,
            "price": "0.73000000",
            "quantity": "15.10000000",
            "first_trade_id": 526078748,
            "last_trade_id": 526078749,
            "timestamp": 1732039618686,
            "isBuyerMaker": false,
            "isBestMatch": true
        },
        {
            "agg_trade_id": 341773959,
            "price": "0.73000000",
            "quantity": "1059.70000000",
            "first_trade_id": 526078750,
            "last_trade_id": 526078750,
            "timestamp": 1732039618816,
            "isBuyerMaker": false,
            "isBestMatch": true
        },
        {
            "agg_trade_id": 341773960,
            "price": "0.73010000",
            "quantity": "11.20000000",
            "first_trade_id": 526078751,
            "last_trade_id": 526078751,
            "timestamp": 1732039618835,
            "isBuyerMaker": false,
            "isBestMatch": true
        },
        {
            "agg_trade_id": 341773961,
            "price": "0.73010000",
            "quantity": "11.20000000",
            "first_trade_id": 526078752,
            "last_trade_id": 526078753,
            "timestamp": 1732039621192,
            "isBuyerMaker": false,
            "isBestMatch": true
        },
        {
            "agg_trade_id": 341773962,
            "price": "0.73010000",
            "quantity": "11.20000000",
            "first_trade_id": 526078754,
            "last_trade_id": 526078754,
            "timestamp": 1732039621192,
            "isBuyerMaker": false,
            "isBestMatch": true
        },
        {
            "agg_trade_id": 341773963,
            "price": "0.73010000",
            "quantity": "11.20000000",
            "first_trade_id": 526078755,
            "last_trade_id": 526078755,
            "timestamp": 1732039621192,
            "isBuyerMaker": false,
            "isBestMatch": true
        },
        {
            "agg_trade_id": 341773964,
            "price": "0.73010000",
            "quantity": "11.20000000",
            "first_trade_id": 526078756,
            "last_trade_id": 526078756,
            "timestamp": 1732039621192,
            "isBuyerMaker": false,
            "isBestMatch": true
        },
        {
            "agg_trade_id": 341773965,
            "price": "0.73010000",
            "quantity": "11.20000000",
            "first_trade_id": 526078757,
            "last_trade_id": 526078757,
            "timestamp": 1732039621192,
            "isBuyerMaker": false,
            "isBestMatch": true
        },
        {
            "agg_trade_id": 341773966,
            "price": "0.73010000",
            "quantity": "11.20000000",
            "first_trade_id": 526078758,
            "last_trade_id": 526078758,
            "timestamp": 1732039621192,
            "isBuyerMaker": false,
            "isBestMatch": true
        },
        {
            "agg_trade_id": 341773967,
            "price": "0.73010000",
            "quantity": "7.90000000",
            "first_trade_id": 526078759,
            "last_trade_id": 526078759,
            "timestamp": 1732039621192,
            "isBuyerMaker": false,
            "isBestMatch": true
        },
        {
            "agg_trade_id": 341773968,
            "price": "0.73020000",
            "quantity": "3.30000000",
            "first_trade_id": 526078760,
            "last_trade_id": 526078760,
            "timestamp": 1732039621192,
            "isBuyerMaker": false,
            "isBestMatch": true
        },
        {
            "agg_trade_id": 341773969,
            "price": "0.73020000",
            "quantity": "205.40000000",
            "first_trade_id": 526078761,
            "last_trade_id": 526078761,
            "timestamp": 1732039621366,
            "isBuyerMaker": false,
            "isBestMatch": true
        },
        {
            "agg_trade_id": 341773970,
            "price": "0.73020000",
            "quantity": "1197.60000000",
            "first_trade_id": 526078762,
            "last_trade_id": 526078762,
            "timestamp": 1732039622156,
            "isBuyerMaker": false,
            "isBestMatch": true
        },
        {
            "agg_trade_id": 341773971,
            "price": "0.73020000",
            "quantity": "11.20000000",
            "first_trade_id": 526078763,
            "last_trade_id": 526078763,
            "timestamp": 1732039622242,
            "isBuyerMaker": false,
            "isBestMatch": true
        },
        {
            "agg_trade_id": 341773972,
            "price": "0.73020000",
            "quantity": "11.20000000",
            "first_trade_id": 526078764,
            "last_trade_id": 526078764,
            "timestamp": 1732039622242,
            "isBuyerMaker": false,
            "isBestMatch": true
        },
        {
            "agg_trade_id": 341773973,
            "price": "0.73020000",
            "quantity": "11.20000000",
            "first_trade_id": 526078765,
            "last_trade_id": 526078765,
            "timestamp": 1732039622242,
            "isBuyerMaker": false,
            "isBestMatch": true
        },
        {
            "agg_trade_id": 341773974,
            "price": "0.73020000",
            "quantity": "11.20000000",
            "first_trade_id": 526078766,
            "last_trade_id": 526078766,
            "timestamp": 1732039622242,
            "isBuyerMaker": false,
            "isBestMatch": true
        },
        {
            "agg_trade_id": 341773975,
            "price": "0.73020000",
            "quantity": "11.20000000",
            "first_trade_id": 526078767,
            "last_trade_id": 526078767,
            "timestamp": 1732039622242,
            "isBuyerMaker": false,
            "isBestMatch": true
        },
        {
            "agg_trade_id": 341773976,
            "price": "0.73020000",
            "quantity": "11.20000000",
            "first_trade_id": 526078768,
            "last_trade_id": 526078768,
            "timestamp": 1732039622242,
            "isBuyerMaker": false,
            "isBestMatch": true
        },
        {
            "agg_trade_id": 341773977,
            "price": "0.73020000",
            "quantity": "0.90000000",
            "first_trade_id": 526078769,
            "last_trade_id": 526078769,
            "timestamp": 1732039622242,
            "isBuyerMaker": false,
            "isBestMatch": true
        },
        {
            "agg_trade_id": 341773978,
            "price": "0.73030000",
            "quantity": "10.30000000",
            "first_trade_id": 526078770,
            "last_trade_id": 526078770,
            "timestamp": 1732039622242,
            "isBuyerMaker": false,
            "isBestMatch": true
        },
        {
            "agg_trade_id": 341773979,
            "price": "0.73030000",
            "quantity": "40.60000000",
            "first_trade_id": 526078771,
            "last_trade_id": 526078772,
            "timestamp": 1732039622495,
            "isBuyerMaker": false,
            "isBestMatch": true
        },
        {
            "agg_trade_id": 341773980,
            "price": "0.73020000",
            "quantity": "9018.90000000",
            "first_trade_id": 526078773,
            "last_trade_id": 526078776,
            "timestamp": 1732039623293,
            "isBuyerMaker": true,
            "isBestMatch": true
        },
        {
            "agg_trade_id": 341773981,
            "price": "0.73040000",
            "quantity": "196.90000000",
            "first_trade_id": 526078777,
            "last_trade_id": 526078778,
            "timestamp": 1732039626674,
            "isBuyerMaker": false,
            "isBestMatch": true
        },
        {
            "agg_trade_id": 341773982,
            "price": "0.73040000",
            "quantity": "78.30000000",
            "first_trade_id": 526078779,
            "last_trade_id": 526078779,
            "timestamp": 1732039627274,
            "isBuyerMaker": false,
            "isBestMatch": true
        },
        {
            "agg_trade_id": 341773983,
            "price": "0.73050000",
            "quantity": "99.70000000",
            "first_trade_id": 526078780,
            "last_trade_id": 526078780,
            "timestamp": 1732039627564,
            "isBuyerMaker": false,
            "isBestMatch": true
        },
        {
            "agg_trade_id": 341773984,
            "price": "0.73050000",
            "quantity": "306.20000000",
            "first_trade_id": 526078781,
            "last_trade_id": 526078781,
            "timestamp": 1732039627569,
            "isBuyerMaker": false,
            "isBestMatch": true
        },
        {
            "agg_trade_id": 341773985,
            "price": "0.73070000",
            "quantity": "13.30000000",
            "first_trade_id": 526078782,
            "last_trade_id": 526078782,
            "timestamp": 1732039630376,
            "isBuyerMaker": false,
            "isBestMatch": true
        },
        {
            "agg_trade_id": 341773986,
            "price": "0.73070000",
            "quantity": "2881.80000000",
            "first_trade_id": 526078783,
            "last_trade_id": 526078784,
            "timestamp": 1732039631718,
            "isBuyerMaker": true,
            "isBestMatch": true
        },
        {
            "agg_trade_id": 341773987,
            "price": "0.73080000",
            "quantity": "7.70000000",
            "first_trade_id": 526078785,
            "last_trade_id": 526078785,
            "timestamp": 1732039631839,
            "isBuyerMaker": false,
            "isBestMatch": true
        },
        {
            "agg_trade_id": 341773988,
            "price": "0.73080000",
            "quantity": "774.50000000",
            "first_trade_id": 526078786,
            "last_trade_id": 526078786,
            "timestamp": 1732039631839,
            "isBuyerMaker": false,
            "isBestMatch": true
        },
        {
            "agg_trade_id": 341773989,
            "price": "0.73070000",
            "quantity": "650.30000000",
            "first_trade_id": 526078787,
            "last_trade_id": 526078787,
            "timestamp": 1732039632061,
            "isBuyerMaker": true,
            "isBestMatch": true
        },
        {
            "agg_trade_id": 341773990,
            "price": "0.73070000",
            "quantity": "104.90000000",
            "first_trade_id": 526078788,
            "last_trade_id": 526078788,
            "timestamp": 1732039634532,
            "isBuyerMaker": true,
            "isBestMatch": true
        },
        {
            "agg_trade_id": 341773991,
            "price": "0.73080000",
            "quantity": "198.20000000",
            "first_trade_id": 526078789,
            "last_trade_id": 526078790,
            "timestamp": 1732039635543,
            "isBuyerMaker": false,
            "isBestMatch": true
        },
        {
            "agg_trade_id": 341773992,
            "price": "0.73070000",
            "quantity": "52.20000000",
            "first_trade_id": 526078791,
            "last_trade_id": 526078791,
            "timestamp": 1732039635918,
            "isBuyerMaker": true,
            "isBestMatch": true
        },
        {
            "agg_trade_id": 341773993,
            "price": "0.73080000",
            "quantity": "367.50000000",
            "first_trade_id": 526078792,
            "last_trade_id": 526078792,
            "timestamp": 1732039638236,
            "isBuyerMaker": false,
            "isBestMatch": true
        },
        {
            "agg_trade_id": 341773994,
            "price": "0.73070000",
            "quantity": "15109.10000000",
            "first_trade_id": 526078793,
            "last_trade_id": 526078802,
            "timestamp": 1732039638785,
            "isBuyerMaker": true,
            "isBestMatch": true
        },
        {
            "agg_trade_id": 341773995,
            "price": "0.73060000",
            "quantity": "3522.20000000",
            "first_trade_id": 526078803,
            "last_trade_id": 526078803,
            "timestamp": 1732039638788,
            "isBuyerMaker": true,
            "isBestMatch": true
        },
        {
            "agg_trade_id": 341773996,
            "price": "0.73060000",
            "quantity": "1059.70000000",
            "first_trade_id": 526078804,
            "last_trade_id": 526078804,
            "timestamp": 1732039639054,
            "isBuyerMaker": true,
            "isBestMatch": true
        },
        {
            "agg_trade_id": 341773997,
            "price": "0.73060000",
            "quantity": "9579.10000000",
            "first_trade_id": 526078805,
            "last_trade_id": 526078811,
            "timestamp": 1732039639054,
            "isBuyerMaker": true,
            "isBestMatch": true
        },
        {
            "agg_trade_id": 341773998,
            "price": "0.73050000",
            "quantity": "42.70000000",
            "first_trade_id": 526078812,
            "last_trade_id": 526078812,
            "timestamp": 1732039639331,
            "isBuyerMaker": true,
            "isBestMatch": true
        },
        {
            "agg_trade_id": 341773999,
            "price": "0.73050000",
            "quantity": "25.20000000",
            "first_trade_id": 526078813,
            "last_trade_id": 526078813,
            "timestamp": 1732039641191,
            "isBuyerMaker": true,
            "isBestMatch": true
        },
        {
            "agg_trade_id": 341774000,
            "price": "0.73060000",
            "quantity": "324.80000000",
            "first_trade_id": 526078814,
            "last_trade_id": 526078814,
            "timestamp": 1732039641236,
            "isBuyerMaker": false,
            "isBestMatch": true
        },
        {
            "agg_trade_id": 341774001,
            "price": "0.73060000",
            "quantity": "9.50000000",
            "first_trade_id": 526078815,
            "last_trade_id": 526078815,
            "timestamp": 1732039641263,
            "isBuyerMaker": false,
            "isBestMatch": true
        },
        {
            "agg_trade_id": 341774002,
            "price": "0.73060000",
            "quantity": "349.00000000",
            "first_trade_id": 526078816,
            "last_trade_id": 526078816,
            "timestamp": 1732039644779,
            "isBuyerMaker": false,
            "isBestMatch": true
        },
        {
            "agg_trade_id": 341774003,
            "price": "0.73050000",
            "quantity": "20.00000000",
            "first_trade_id": 526078817,
            "last_trade_id": 526078817,
            "timestamp": 1732039645036,
            "isBuyerMaker": true,
            "isBestMatch": true
        },
        {
            "agg_trade_id": 341774004,
            "price": "0.73060000",
            "quantity": "11.20000000",
            "first_trade_id": 526078818,
            "last_trade_id": 526078818,
            "timestamp": 1732039645065,
            "isBuyerMaker": false,
            "isBestMatch": true
        },
        {
            "agg_trade_id": 341774005,
            "price": "0.73060000",
            "quantity": "9.20000000",
            "first_trade_id": 526078819,
            "last_trade_id": 526078819,
            "timestamp": 1732039646285,
            "isBuyerMaker": false,
            "isBestMatch": true
        },
        {
            "agg_trade_id": 341774006,
            "price": "0.73060000",
            "quantity": "1427.60000000",
            "first_trade_id": 526078820,
            "last_trade_id": 526078821,
            "timestamp": 1732039646901,
            "isBuyerMaker": false,
            "isBestMatch": true
        },
        {
            "agg_trade_id": 341774007,
            "price": "0.73060000",
            "quantity": "11.20000000",
            "first_trade_id": 526078822,
            "last_trade_id": 526078822,
            "timestamp": 1732039647151,
            "isBuyerMaker": false,
            "isBestMatch": true
        },
        {
            "agg_trade_id": 341774008,
            "price": "0.73060000",
            "quantity": "11.20000000",
            "first_trade_id": 526078823,
            "last_trade_id": 526078823,
            "timestamp": 1732039647151,
            "isBuyerMaker": false,
            "isBestMatch": true
        },
        {
            "agg_trade_id": 341774009,
            "price": "0.73060000",
            "quantity": "11.20000000",
            "first_trade_id": 526078824,
            "last_trade_id": 526078826,
            "timestamp": 1732039647151,
            "isBuyerMaker": false,
            "isBestMatch": true
        },
        {
            "agg_trade_id": 341774010,
            "price": "0.73060000",
            "quantity": "6.90000000",
            "first_trade_id": 526078827,
            "last_trade_id": 526078827,
            "timestamp": 1732039647151,
            "isBuyerMaker": false,
            "isBestMatch": true
        },
        {
            "agg_trade_id": 341774011,
            "price": "0.73070000",
            "quantity": "4.30000000",
            "first_trade_id": 526078828,
            "last_trade_id": 526078828,
            "timestamp": 1732039647151,
            "isBuyerMaker": false,
            "isBestMatch": true
        },
        {
            "agg_trade_id": 341774012,
            "price": "0.73060000",
            "quantity": "100.00000000",
            "first_trade_id": 526078829,
            "last_trade_id": 526078829,
            "timestamp": 1732039647523,
            "isBuyerMaker": true,
            "isBestMatch": true
        },
        {
            "agg_trade_id": 341774013,
            "price": "0.73060000",
            "quantity": "45.80000000",
            "first_trade_id": 526078830,
            "last_trade_id": 526078830,
            "timestamp": 1732039647723,
            "isBuyerMaker": true,
            "isBestMatch": true
        },
        {
            "agg_trade_id": 341774014,
            "price": "0.73060000",
            "quantity": "948.50000000",
            "first_trade_id": 526078831,
            "last_trade_id": 526078831,
            "timestamp": 1732039647849,
            "isBuyerMaker": true,
            "isBestMatch": true
        },
        {
            "agg_trade_id": 341774015,
            "price": "0.73060000",
            "quantity": "189.20000000",
            "first_trade_id": 526078832,
            "last_trade_id": 526078832,
            "timestamp": 1732039648443,
            "isBuyerMaker": true,
            "isBestMatch": true
        },
        {
            "agg_trade_id": 341774016,
            "price": "0.73060000",
            "quantity": "348.20000000",
            "first_trade_id": 526078833,
            "last_trade_id": 526078833,
            "timestamp": 1732039648557,
            "isBuyerMaker": true,
            "isBestMatch": true
        },
        {
            "agg_trade_id": 341774017,
            "price": "0.73060000",
            "quantity": "68.40000000",
            "first_trade_id": 526078834,
            "last_trade_id": 526078834,
            "timestamp": 1732039648765,
            "isBuyerMaker": true,
            "isBestMatch": true
        },
        {
            "agg_trade_id": 341774018,
            "price": "0.73070000",
            "quantity": "683.00000000",
            "first_trade_id": 526078835,
            "last_trade_id": 526078835,
            "timestamp": 1732039649112,
            "isBuyerMaker": false,
            "isBestMatch": true
        },
        {
            "agg_trade_id": 341774019,
            "price": "0.73070000",
            "quantity": "683.00000000",
            "first_trade_id": 526078836,
            "last_trade_id": 526078836,
            "timestamp": 1732039649113,
            "isBuyerMaker": false,
            "isBestMatch": true
        },
        {
            "agg_trade_id": 341774020,
            "price": "0.73070000",
            "quantity": "683.00000000",
            "first_trade_id": 526078837,
            "last_trade_id": 526078837,
            "timestamp": 1732039649113,
            "isBuyerMaker": false,
            "isBestMatch": true
        },
        {
            "agg_trade_id": 341774021,
            "price": "0.73070000",
            "quantity": "1204.80000000",
            "first_trade_id": 526078838,
            "last_trade_id": 526078838,
            "timestamp": 1732039649114,
            "isBuyerMaker": false,
            "isBestMatch": true
        },
        {
            "agg_trade_id": 341774022,
            "price": "0.73070000",
            "quantity": "341.00000000",
            "first_trade_id": 526078839,
            "last_trade_id": 526078839,
            "timestamp": 1732039649114,
            "isBuyerMaker": false,
            "isBestMatch": true
        },
        {
            "agg_trade_id": 341774023,
            "price": "0.73070000",
            "quantity": "648.10000000",
            "first_trade_id": 526078840,
            "last_trade_id": 526078840,
            "timestamp": 1732039649115,
            "isBuyerMaker": false,
            "isBestMatch": true
        },
        {
            "agg_trade_id": 341774024,
            "price": "0.73070000",
            "quantity": "4044.60000000",
            "first_trade_id": 526078841,
            "last_trade_id": 526078841,
            "timestamp": 1732039649115,
            "isBuyerMaker": false,
            "isBestMatch": true
        },
        {
            "agg_trade_id": 341774025,
            "price": "0.73070000",
            "quantity": "1733.30000000",
            "first_trade_id": 526078842,
            "last_trade_id": 526078842,
            "timestamp": 1732039649115,
            "isBuyerMaker": false,
            "isBestMatch": true
        },
        {
            "agg_trade_id": 341774026,
            "price": "0.73070000",
            "quantity": "1107.60000000",
            "first_trade_id": 526078843,
            "last_trade_id": 526078843,
            "timestamp": 1732039649116,
            "isBuyerMaker": false,
            "isBestMatch": true
        },
        {
            "agg_trade_id": 341774027,
            "price": "0.73070000",
            "quantity": "97.90000000",
            "first_trade_id": 526078844,
            "last_trade_id": 526078844,
            "timestamp": 1732039649116,
            "isBuyerMaker": false,
            "isBestMatch": true
        },
        {
            "agg_trade_id": 341774028,
            "price": "0.73080000",
            "quantity": "6.90000000",
            "first_trade_id": 526078845,
            "last_trade_id": 526078845,
            "timestamp": 1732039649182,
            "isBuyerMaker": true,
            "isBestMatch": true
        },
        {
            "agg_trade_id": 341774029,
            "price": "0.73100000",
            "quantity": "379.80000000",
            "first_trade_id": 526078846,
            "last_trade_id": 526078846,
            "timestamp": 1732039651341,
            "isBuyerMaker": false,
            "isBestMatch": true
        },
        {
            "agg_trade_id": 341774030,
            "price": "0.73100000",
            "quantity": "68.20000000",
            "first_trade_id": 526078847,
            "last_trade_id": 526078847,
            "timestamp": 1732039651349,
            "isBuyerMaker": false,
            "isBestMatch": true
        },
        {
            "agg_trade_id": 341774031,
            "price": "0.73100000",
            "quantity": "578.10000000",
            "first_trade_id": 526078848,
            "last_trade_id": 526078849,
            "timestamp": 1732039653224,
            "isBuyerMaker": false,
            "isBestMatch": true
        },
        {
            "agg_trade_id": 341774032,
            "price": "0.73100000",
            "quantity": "2302.00000000",
            "first_trade_id": 526078850,
            "last_trade_id": 526078850,
            "timestamp": 1732039653224,
            "isBuyerMaker": false,
            "isBestMatch": true
        },
        {
            "agg_trade_id": 341774033,
            "price": "0.73100000",
            "quantity": "1676.80000000",
            "first_trade_id": 526078851,
            "last_trade_id": 526078853,
            "timestamp": 1732039653224,
            "isBuyerMaker": false,
            "isBestMatch": true
        },
        {
            "agg_trade_id": 341774034,
            "price": "0.73110000",
            "quantity": "79.80000000",
            "first_trade_id": 526078854,
            "last_trade_id": 526078855,
            "timestamp": 1732039654995,
            "isBuyerMaker": true,
            "isBestMatch": true
        },
        {
            "agg_trade_id": 341774035,
            "price": "0.73110000",
            "quantity": "64.30000000",
            "first_trade_id": 526078856,
            "last_trade_id": 526078856,
            "timestamp": 1732039655968,
            "isBuyerMaker": true,
            "isBestMatch": true
        },
        {
            "agg_trade_id": 341774036,
            "price": "0.73120000",
            "quantity": "167.20000000",
            "first_trade_id": 526078857,
            "last_trade_id": 526078857,
            "timestamp": 1732039657458,
            "isBuyerMaker": false,
            "isBestMatch": true
        },
        {
            "agg_trade_id": 341774037,
            "price": "0.73120000",
            "quantity": "1186.90000000",
            "first_trade_id": 526078858,
            "last_trade_id": 526078858,
            "timestamp": 1732039658681,
            "isBuyerMaker": false,
            "isBestMatch": true
        },
        {
            "agg_trade_id": 341774038,
            "price": "0.73120000",
            "quantity": "9.20000000",
            "first_trade_id": 526078859,
            "last_trade_id": 526078859,
            "timestamp": 1732039658855,
            "isBuyerMaker": false,
            "isBestMatch": true
        },
        {
            "agg_trade_id": 341774039,
            "price": "0.73120000",
            "quantity": "88.80000000",
            "first_trade_id": 526078860,
            "last_trade_id": 526078860,
            "timestamp": 1732039660271,
            "isBuyerMaker": false,
            "isBestMatch": true
        },
        {
            "agg_trade_id": 341774040,
            "price": "0.73110000",
            "quantity": "26.70000000",
            "first_trade_id": 526078861,
            "last_trade_id": 526078861,
            "timestamp": 1732039661486,
            "isBuyerMaker": true,
            "isBestMatch": true
        },
        {
            "agg_trade_id": 341774041,
            "price": "0.73120000",
            "quantity": "204.80000000",
            "first_trade_id": 526078862,
            "last_trade_id": 526078862,
            "timestamp": 1732039663307,
            "isBuyerMaker": false,
            "isBestMatch": true
        },
        {
            "agg_trade_id": 341774042,
            "price": "0.73110000",
            "quantity": "217.10000000",
            "first_trade_id": 526078863,
            "last_trade_id": 526078863,
            "timestamp": 1732039664376,
            "isBuyerMaker": true,
            "isBestMatch": true
        },
        {
            "agg_trade_id": 341774043,
            "price": "0.73120000",
            "quantity": "341.00000000",
            "first_trade_id": 526078864,
            "last_trade_id": 526078864,
            "timestamp": 1732039664835,
            "isBuyerMaker": false,
            "isBestMatch": true
        },
        {
            "agg_trade_id": 341774044,
            "price": "0.73110000",
            "quantity": "53.80000000",
            "first_trade_id": 526078865,
            "last_trade_id": 526078865,
            "timestamp": 1732039665548,
            "isBuyerMaker": true,
            "isBestMatch": true
        },
        {
            "agg_trade_id": 341774045,
            "price": "0.73120000",
            "quantity": "349.10000000",
            "first_trade_id": 526078866,
            "last_trade_id": 526078871,
            "timestamp": 1732039670871,
            "isBuyerMaker": false,
            "isBestMatch": true
        },
        {
            "agg_trade_id": 341774046,
            "price": "0.73130000",
            "quantity": "1441.80000000",
            "first_trade_id": 526078872,
            "last_trade_id": 526078875,
            "timestamp": 1732039672394,
            "isBuyerMaker": false,
            "isBestMatch": true
        },
        {
            "agg_trade_id": 341774047,
            "price": "0.73130000",
            "quantity": "8.90000000",
            "first_trade_id": 526078876,
            "last_trade_id": 526078876,
            "timestamp": 1732039673011,
            "isBuyerMaker": false,
            "isBestMatch": true
        },
        {
            "agg_trade_id": 341774048,
            "price": "0.73140000",
            "quantity": "736.70000000",
            "first_trade_id": 526078877,
            "last_trade_id": 526078879,
            "timestamp": 1732039673018,
            "isBuyerMaker": false,
            "isBestMatch": true
        },
        {
            "agg_trade_id": 341774049,
            "price": "0.73140000",
            "quantity": "322.90000000",
            "first_trade_id": 526078880,
            "last_trade_id": 526078880,
            "timestamp": 1732039673018,
            "isBuyerMaker": false,
            "isBestMatch": true
        },
        {
            "agg_trade_id": 341774050,
            "price": "0.73150000",
            "quantity": "7.60000000",
            "first_trade_id": 526078881,
            "last_trade_id": 526078881,
            "timestamp": 1732039673171,
            "isBuyerMaker": false,
            "isBestMatch": true
        },
        {
            "agg_trade_id": 341774051,
            "price": "0.73140000",
            "quantity": "1557.90000000",
            "first_trade_id": 526078882,
            "last_trade_id": 526078882,
            "timestamp": 1732039673344,
            "isBuyerMaker": true,
            "isBestMatch": true
        },
        {
            "agg_trade_id": 341774052,
            "price": "0.73150000",
            "quantity": "6.90000000",
            "first_trade_id": 526078883,
            "last_trade_id": 526078883,
            "timestamp": 1732039674908,
            "isBuyerMaker": false,
            "isBestMatch": true
        },
        {
            "agg_trade_id": 341774053,
            "price": "0.73150000",
            "quantity": "1636.70000000",
            "first_trade_id": 526078884,
            "last_trade_id": 526078891,
            "timestamp": 1732039677278,
            "isBuyerMaker": true,
            "isBestMatch": true
        },
        {
            "agg_trade_id": 341774054,
            "price": "0.73140000",
            "quantity": "246.50000000",
            "first_trade_id": 526078892,
            "last_trade_id": 526078892,
            "timestamp": 1732039677637,
            "isBuyerMaker": true,
            "isBestMatch": true
        },
        {
            "agg_trade_id": 341774055,
            "price": "0.73140000",
            "quantity": "1421.40000000",
            "first_trade_id": 526078893,
            "last_trade_id": 526078898,
            "timestamp": 1732039677707,
            "isBuyerMaker": true,
            "isBestMatch": true
        },
        {
            "agg_trade_id": 341774056,
            "price": "0.73130000",
            "quantity": "4740.40000000",
            "first_trade_id": 526078899,
            "last_trade_id": 526078905,
            "timestamp": 1732039679706,
            "isBuyerMaker": true,
            "isBestMatch": true
        },
        {
            "agg_trade_id": 341774057,
            "price": "0.73130000",
            "quantity": "1373.10000000",
            "first_trade_id": 526078906,
            "last_trade_id": 526078907,
            "timestamp": 1732039680866,
            "isBuyerMaker": true,
            "isBestMatch": true
        },
        {
            "agg_trade_id": 341774058,
            "price": "0.73130000",
            "quantity": "14.40000000",
            "first_trade_id": 526078908,
            "last_trade_id": 526078909,
            "timestamp": 1732039680868,
            "isBuyerMaker": true,
            "isBestMatch": true
        },
        {
            "agg_trade_id": 341774059,
            "price": "0.73120000",
            "quantity": "15.00000000",
            "first_trade_id": 526078910,
            "last_trade_id": 526078910,
            "timestamp": 1732039681595,
            "isBuyerMaker": true,
            "isBestMatch": true
        },
        {
            "agg_trade_id": 341774060,
            "price": "0.73130000",
            "quantity": "40.60000000",
            "first_trade_id": 526078911,
            "last_trade_id": 526078912,
            "timestamp": 1732039685668,
            "isBuyerMaker": false,
            "isBestMatch": true
        },
        {
            "agg_trade_id": 341774061,
            "price": "0.73150000",
            "quantity": "3205.20000000",
            "first_trade_id": 526078913,
            "last_trade_id": 526078917,
            "timestamp": 1732039687220,
            "isBuyerMaker": false,
            "isBestMatch": true
        },
        {
            "agg_trade_id": 341774062,
            "price": "0.73170000",
            "quantity": "95.50000000",
            "first_trade_id": 526078918,
            "last_trade_id": 526078918,
            "timestamp": 1732039689364,
            "isBuyerMaker": false,
            "isBestMatch": true
        },
        {
            "agg_trade_id": 341774063,
            "price": "0.73170000",
            "quantity": "141.80000000",
            "first_trade_id": 526078919,
            "last_trade_id": 526078919,
            "timestamp": 1732039690242,
            "isBuyerMaker": false,
            "isBestMatch": true
        },
        {
            "agg_trade_id": 341774064,
            "price": "0.73160000",
            "quantity": "2172.90000000",
            "first_trade_id": 526078920,
            "last_trade_id": 526078922,
            "timestamp": 1732039691368,
            "isBuyerMaker": true,
            "isBestMatch": true
        },
        {
            "agg_trade_id": 341774065,
            "price": "0.73150000",
            "quantity": "11.20000000",
            "first_trade_id": 526078923,
            "last_trade_id": 526078923,
            "timestamp": 1732039691373,
            "isBuyerMaker": true,
            "isBestMatch": true
        },
        {
            "agg_trade_id": 341774066,
            "price": "0.73150000",
            "quantity": "192.50000000",
            "first_trade_id": 526078924,
            "last_trade_id": 526078927,
            "timestamp": 1732039691415,
            "isBuyerMaker": true,
            "isBestMatch": true
        },
        {
            "agg_trade_id": 341774067,
            "price": "0.73150000",
            "quantity": "15.00000000",
            "first_trade_id": 526078928,
            "last_trade_id": 526078928,
            "timestamp": 1732039691793,
            "isBuyerMaker": false,
            "isBestMatch": true
        },
        {
            "agg_trade_id": 341774068,
            "price": "0.73140000",
            "quantity": "52.00000000",
            "first_trade_id": 526078929,
            "last_trade_id": 526078929,
            "timestamp": 1732039692096,
            "isBuyerMaker": true,
            "isBestMatch": true
        },
        {
            "agg_trade_id": 341774069,
            "price": "0.73160000",
            "quantity": "6.90000000",
            "first_trade_id": 526078930,
            "last_trade_id": 526078930,
            "timestamp": 1732039694851,
            "isBuyerMaker": false,
            "isBestMatch": true
        },
        {
            "agg_trade_id": 341774070,
            "price": "0.73170000",
            "quantity": "409.00000000",
            "first_trade_id": 526078931,
            "last_trade_id": 526078931,
            "timestamp": 1732039694876,
            "isBuyerMaker": false,
            "isBestMatch": true
        },
        {
            "agg_trade_id": 341774071,
            "price": "0.73180000",
            "quantity": "207.50000000",
            "first_trade_id": 526078932,
            "last_trade_id": 526078935,
            "timestamp": 1732039695072,
            "isBuyerMaker": false,
            "isBestMatch": true
        },
        {
            "agg_trade_id": 341774072,
            "price": "0.73190000",
            "quantity": "103.70000000",
            "first_trade_id": 526078936,
            "last_trade_id": 526078937,
            "timestamp": 1732039695509,
            "isBuyerMaker": false,
            "isBestMatch": true
        },
        {
            "agg_trade_id": 341774073,
            "price": "0.73200000",
            "quantity": "15.80000000",
            "first_trade_id": 526078938,
            "last_trade_id": 526078938,
            "timestamp": 1732039695892,
            "isBuyerMaker": false,
            "isBestMatch": true
        },
        {
            "agg_trade_id": 341774074,
            "price": "0.73200000",
            "quantity": "316.40000000",
            "first_trade_id": 526078939,
            "last_trade_id": 526078940,
            "timestamp": 1732039696087,
            "isBuyerMaker": false,
            "isBestMatch": true
        },
        {
            "agg_trade_id": 341774075,
            "price": "0.73200000",
            "quantity": "39.60000000",
            "first_trade_id": 526078941,
            "last_trade_id": 526078941,
            "timestamp": 1732039696385,
            "isBuyerMaker": true,
            "isBestMatch": true
        },
        {
            "agg_trade_id": 341774076,
            "price": "0.73200000",
            "quantity": "31.30000000",
            "first_trade_id": 526078942,
            "last_trade_id": 526078942,
            "timestamp": 1732039698777,
            "isBuyerMaker": true,
            "isBestMatch": true
        },
        {
            "agg_trade_id": 341774077,
            "price": "0.73200000",
            "quantity": "974.10000000",
            "first_trade_id": 526078943,
            "last_trade_id": 526078944,
            "timestamp": 1732039698781,
            "isBuyerMaker": true,
            "isBestMatch": true
        },
        {
            "agg_trade_id": 341774078,
            "price": "0.73200000",
            "quantity": "911.20000000",
            "first_trade_id": 526078945,
            "last_trade_id": 526078946,
            "timestamp": 1732039699268,
            "isBuyerMaker": true,
            "isBestMatch": true
        },
        {
            "agg_trade_id": 341774079,
            "price": "0.73200000",
            "quantity": "639.30000000",
            "first_trade_id": 526078947,
            "last_trade_id": 526078947,
            "timestamp": 1732039700176,
            "isBuyerMaker": true,
            "isBestMatch": true
        },
        {
            "agg_trade_id": 341774080,
            "price": "0.73200000",
            "quantity": "104.70000000",
            "first_trade_id": 526078948,
            "last_trade_id": 526078951,
            "timestamp": 1732039700178,
            "isBuyerMaker": true,
            "isBestMatch": true
        },
        {
            "agg_trade_id": 341774081,
            "price": "0.73200000",
            "quantity": "121.80000000",
            "first_trade_id": 526078952,
            "last_trade_id": 526078952,
            "timestamp": 1732039702761,
            "isBuyerMaker": true,
            "isBestMatch": true
        },
        {
            "agg_trade_id": 341774082,
            "price": "0.73200000",
            "quantity": "987.70000000",
            "first_trade_id": 526078953,
            "last_trade_id": 526078953,
            "timestamp": 1732039706013,
            "isBuyerMaker": true,
            "isBestMatch": true
        },
        {
            "agg_trade_id": 341774083,
            "price": "0.73200000",
            "quantity": "59.40000000",
            "first_trade_id": 526078954,
            "last_trade_id": 526078955,
            "timestamp": 1732039706704,
            "isBuyerMaker": true,
            "isBestMatch": true
        },
        {
            "agg_trade_id": 341774084,
            "price": "0.73200000",
            "quantity": "6.90000000",
            "first_trade_id": 526078956,
            "last_trade_id": 526078956,
            "timestamp": 1732039707203,
            "isBuyerMaker": true,
            "isBestMatch": true
        },
        {
            "agg_trade_id": 341774085,
            "price": "0.73200000",
            "quantity": "20.00000000",
            "first_trade_id": 526078957,
            "last_trade_id": 526078957,
            "timestamp": 1732039707887,
            "isBuyerMaker": true,
            "isBestMatch": true
        },
        {
            "agg_trade_id": 341774086,
            "price": "0.73200000",
            "quantity": "5637.00000000",
            "first_trade_id": 526078958,
            "last_trade_id": 526078962,
            "timestamp": 1732039708630,
            "isBuyerMaker": true,
            "isBestMatch": true
        },
        {
            "agg_trade_id": 341774087,
            "price": "0.73200000",
            "quantity": "5766.60000000",
            "first_trade_id": 526078963,
            "last_trade_id": 526078966,
            "timestamp": 1732039708630,
            "isBuyerMaker": true,
            "isBestMatch": true
        },
        {
            "agg_trade_id": 341774088,
            "price": "0.73190000",
            "quantity": "4457.90000000",
            "first_trade_id": 526078967,
            "last_trade_id": 526078972,
            "timestamp": 1732039708630,
            "isBuyerMaker": true,
            "isBestMatch": true
        },
        {
            "agg_trade_id": 341774089,
            "price": "0.73180000",
            "quantity": "6943.80000000",
            "first_trade_id": 526078973,
            "last_trade_id": 526078974,
            "timestamp": 1732039708630,
            "isBuyerMaker": true,
            "isBestMatch": true
        },
        {
            "agg_trade_id": 341774090,
            "price": "0.73180000",
            "quantity": "6117.40000000",
            "first_trade_id": 526078975,
            "last_trade_id": 526078977,
            "timestamp": 1732039708630,
            "isBuyerMaker": true,
            "isBestMatch": true
        },
        {
            "agg_trade_id": 341774091,
            "price": "0.73170000",
            "quantity": "1000.00000000",
            "first_trade_id": 526078978,
            "last_trade_id": 526078978,
            "timestamp": 1732039708631,
            "isBuyerMaker": true,
            "isBestMatch": true
        },
        {
            "agg_trade_id": 341774092,
            "price": "0.73180000",
            "quantity": "35.30000000",
            "first_trade_id": 526078979,
            "last_trade_id": 526078979,
            "timestamp": 1732039708677,
            "isBuyerMaker": false,
            "isBestMatch": true
        },
        {
            "agg_trade_id": 341774093,
            "price": "0.73180000",
            "quantity": "3900.40000000",
            "first_trade_id": 526078980,
            "last_trade_id": 526078984,
            "timestamp": 1732039710241,
            "isBuyerMaker": false,
            "isBestMatch": true
        },
        {
            "agg_trade_id": 341774094,
            "price": "0.73180000",
            "quantity": "1558.30000000",
            "first_trade_id": 526078985,
            "last_trade_id": 526078987,
            "timestamp": 1732039710244,
            "isBuyerMaker": false,
            "isBestMatch": true
        },
        {
            "agg_trade_id": 341774095,
            "price": "0.73180000",
            "quantity": "2614.20000000",
            "first_trade_id": 526078988,
            "last_trade_id": 526078988,
            "timestamp": 1732039710660,
            "isBuyerMaker": false,
            "isBestMatch": true
        },
        {
            "agg_trade_id": 341774096,
            "price": "0.73190000",
            "quantity": "2614.20000000",
            "first_trade_id": 526078989,
            "last_trade_id": 526078989,
            "timestamp": 1732039710867,
            "isBuyerMaker": false,
            "isBestMatch": true
        },
        {
            "agg_trade_id": 341774097,
            "price": "0.73200000",
            "quantity": "138.50000000",
            "first_trade_id": 526078990,
            "last_trade_id": 526078990,
            "timestamp": 1732039711763,
            "isBuyerMaker": false,
            "isBestMatch": true
        },
        {
            "agg_trade_id": 341774098,
            "price": "0.73200000",
            "quantity": "238.50000000",
            "first_trade_id": 526078991,
            "last_trade_id": 526078991,
            "timestamp": 1732039712941,
            "isBuyerMaker": false,
            "isBestMatch": true
        },
        {
            "agg_trade_id": 341774099,
            "price": "0.73190000",
            "quantity": "2193.70000000",
            "first_trade_id": 526078992,
            "last_trade_id": 526078997,
            "timestamp": 1732039713252,
            "isBuyerMaker": true,
            "isBestMatch": true
        },
        {
            "agg_trade_id": 341774100,
            "price": "0.73180000",
            "quantity": "3266.20000000",
            "first_trade_id": 526078998,
            "last_trade_id": 526078998,
            "timestamp": 1732039713252,
            "isBuyerMaker": true,
            "isBestMatch": true
        },
        {
            "agg_trade_id": 341774101,
            "price": "0.73180000",
            "quantity": "583.50000000",
            "first_trade_id": 526078999,
            "last_trade_id": 526078999,
            "timestamp": 1732039713365,
            "isBuyerMaker": true,
            "isBestMatch": true
        },
        {
            "agg_trade_id": 341774102,
            "price": "0.73180000",
            "quantity": "208.10000000",
            "first_trade_id": 526079000,
            "last_trade_id": 526079000,
            "timestamp": 1732039713365,
            "isBuyerMaker": true,
            "isBestMatch": true
        },
        {
            "agg_trade_id": 341774103,
            "price": "0.73180000",
            "quantity": "573.40000000",
            "first_trade_id": 526079001,
            "last_trade_id": 526079001,
            "timestamp": 1732039713365,
            "isBuyerMaker": true,
            "isBestMatch": true
        },
        {
            "agg_trade_id": 341774104,
            "price": "0.73180000",
            "quantity": "5112.80000000",
            "first_trade_id": 526079002,
            "last_trade_id": 526079005,
            "timestamp": 1732039714462,
            "isBuyerMaker": false,
            "isBestMatch": true
        },
        {
            "agg_trade_id": 341774105,
            "price": "0.73190000",
            "quantity": "1035.00000000",
            "first_trade_id": 526079006,
            "last_trade_id": 526079006,
            "timestamp": 1732039714672,
            "isBuyerMaker": true,
            "isBestMatch": true
        },
        {
            "agg_trade_id": 341774106,
            "price": "0.73190000",
            "quantity": "21.60000000",
            "first_trade_id": 526079007,
            "last_trade_id": 526079009,
            "timestamp": 1732039714729,
            "isBuyerMaker": true,
            "isBestMatch": true
        },
        {
            "agg_trade_id": 341774107,
            "price": "0.73180000",
            "quantity": "5047.80000000",
            "first_trade_id": 526079010,
            "last_trade_id": 526079015,
            "timestamp": 1732039714732,
            "isBuyerMaker": true,
            "isBestMatch": true
        },
        {
            "agg_trade_id": 341774108,
            "price": "0.73170000",
            "quantity": "208.80000000",
            "first_trade_id": 526079016,
            "last_trade_id": 526079016,
            "timestamp": 1732039715530,
            "isBuyerMaker": true,
            "isBestMatch": true
        },
        {
            "agg_trade_id": 341774109,
            "price": "0.73180000",
            "quantity": "58.40000000",
            "first_trade_id": 526079017,
            "last_trade_id": 526079017,
            "timestamp": 1732039716121,
            "isBuyerMaker": false,
            "isBestMatch": true
        },
        {
            "agg_trade_id": 341774110,
            "price": "0.73190000",
            "quantity": "1372.00000000",
            "first_trade_id": 526079018,
            "last_trade_id": 526079019,
            "timestamp": 1732039716220,
            "isBuyerMaker": true,
            "isBestMatch": true
        },
        {
            "agg_trade_id": 341774111,
            "price": "0.73190000",
            "quantity": "36.00000000",
            "first_trade_id": 526079020,
            "last_trade_id": 526079024,
            "timestamp": 1732039716296,
            "isBuyerMaker": true,
            "isBestMatch": true
        },
        {
            "agg_trade_id": 341774112,
            "price": "0.73180000",
            "quantity": "540.60000000",
            "first_trade_id": 526079025,
            "last_trade_id": 526079025,
            "timestamp": 1732039716296,
            "isBuyerMaker": true,
            "isBestMatch": true
        },
        {
            "agg_trade_id": 341774113,
            "price": "0.73190000",
            "quantity": "69.80000000",
            "first_trade_id": 526079026,
            "last_trade_id": 526079026,
            "timestamp": 1732039717132,
            "isBuyerMaker": false,
            "isBestMatch": true
        },
        {
            "agg_trade_id": 341774114,
            "price": "0.73200000",
            "quantity": "9.80000000",
            "first_trade_id": 526079027,
            "last_trade_id": 526079027,
            "timestamp": 1732039718164,
            "isBuyerMaker": false,
            "isBestMatch": true
        },
        {
            "agg_trade_id": 341774115,
            "price": "0.73200000",
            "quantity": "6.90000000",
            "first_trade_id": 526079028,
            "last_trade_id": 526079028,
            "timestamp": 1732039719637,
            "isBuyerMaker": false,
            "isBestMatch": true
        },
        {
            "agg_trade_id": 341774116,
            "price": "0.73200000",
            "quantity": "14.20000000",
            "first_trade_id": 526079029,
            "last_trade_id": 526079029,
            "timestamp": 1732039721041,
            "isBuyerMaker": false,
            "isBestMatch": true
        },
        {
            "agg_trade_id": 341774117,
            "price": "0.73190000",
            "quantity": "2340.10000000",
            "first_trade_id": 526079030,
            "last_trade_id": 526079036,
            "timestamp": 1732039721840,
            "isBuyerMaker": true,
            "isBestMatch": true
        },
        {
            "agg_trade_id": 341774118,
            "price": "0.73170000",
            "quantity": "11.20000000",
            "first_trade_id": 526079037,
            "last_trade_id": 526079037,
            "timestamp": 1732039721862,
            "isBuyerMaker": true,
            "isBestMatch": true
        },
        {
            "agg_trade_id": 341774119,
            "price": "0.73170000",
            "quantity": "987.80000000",
            "first_trade_id": 526079038,
            "last_trade_id": 526079041,
            "timestamp": 1732039722717,
            "isBuyerMaker": true,
            "isBestMatch": true
        },
        {
            "agg_trade_id": 341774120,
            "price": "0.73160000",
            "quantity": "2374.80000000",
            "first_trade_id": 526079042,
            "last_trade_id": 526079046,
            "timestamp": 1732039722925,
            "isBuyerMaker": true,
            "isBestMatch": true
        },
        {
            "agg_trade_id": 341774121,
            "price": "0.73150000",
