{
    "data": [
        {
            "agg_trade_id": 595449920,
            "price": "615.96000000",
            "quantity": "0.01100000",
            "first_trade_id": 852010365,
            "last_trade_id": 852010365,
            "timestamp": 1732039748677,
            "isBuyerMaker": false,
            "isBestMatch": true
        },
        {
            "agg_trade_id": 595449921,
            "price": "615.96000000",
            "quantity": "0.01100000",
            "first_trade_id": 852010366,
            "last_trade_id": 852010366,
            "timestamp": 1732039748677,
            "isBuyerMaker": false,
            "isBestMatch": true
        },
        {
            "agg_trade_id": 595449922,
            "price": "615.96000000",
            "quantity": "0.01100000",
            "first_trade_id": 852010367,
            "last_trade_id": 852010367,
            "timestamp": 1732039748677,
            "isBuyerMaker": false,
            "isBestMatch": true
        },
        {
            "agg_trade_id": 595449923,
            "price": "615.96000000",
            "quantity": "0.01100000",
            "first_trade_id": 852010368,
            "last_trade_id": 852010368,
            "timestamp": 1732039748677,
            "isBuyerMaker": false,
            "isBestMatch": true
        },
        {
            "agg_trade_id": 595449924,
            "price": "615.96000000",
            "quantity": "0.01100000",
            "first_trade_id": 852010369,
            "last_trade_id": 852010369,
            "timestamp": 1732039748677,
            "isBuyerMaker": false,
            "isBestMatch": true
        },
        {
            "agg_trade_id": 595449925,
            "price": "615.96000000",
            "quantity": "0.01100000",
            "first_trade_id": 852010370,
            "last_trade_id": 852010370,
            "timestamp": 1732039748678,
            "isBuyerMaker": false,
            "isBestMatch": true
        },
        {
            "agg_trade_id": 595449926,
            "price": "615.96000000",
            "quantity": "0.01100000",
            "first_trade_id": 852010371,
            "last_trade_id": 852010371,
            "timestamp": 1732039748678,
            "isBuyerMaker": false,
            "isBestMatch": true
        },
        {
            "agg_trade_id": 595449927,
            "price": "615.97000000",
            "quantity": "0.01100000",
            "first_trade_id": 852010372,
            "last_trade_id": 852010373,
            "timestamp": 1732039748697,
            "isBuyerMaker": false,
            "isBestMatch": true
        },
        {
            "agg_trade_id": 595449928,
            "price": "615.97000000",
            "quantity": "0.01100000",
            "first_trade_id": 852010374,
            "last_trade_id": 852010375,
            "timestamp": 1732039748697,
            "isBuyerMaker": false,
            "isBestMatch": true
        },
        {
            "agg_trade_id": 595449929,
            "price": "615.97000000",
            "quantity": "0.01100000",
            "first_trade_id": 852010376,
            "last_trade_id": 852010376,
            "timestamp": 1732039748697,
            "isBuyerMaker": false,
            "isBestMatch": true
        },
        {
            "agg_trade_id": 595449930,
            "price": "615.97000000",
            "quantity": "0.01100000",
            "first_trade_id": 852010377,
            "last_trade_id": 852010377,
            "timestamp": 1732039748698,
            "isBuyerMaker": false,
            "isBestMatch": true
        },
        {
            "agg_trade_id": 595449931,
            "price": "615.97000000",
            "quantity": "0.01100000",
            "first_trade_id": 852010378,
            "last_trade_id": 852010378,
            "timestamp": 1732039748698,
            "isBuyerMaker": false,
            "isBestMatch": true
        },
        {
            "agg_trade_id": 595449932,
            "price": "615.97000000",
            "quantity": "0.01100000",
            "first_trade_id": 852010379,
            "last_trade_id": 852010379,
            "timestamp": 1732039748698,
            "isBuyerMaker": false,
            "isBestMatch": true
        },
        {
            "agg_trade_id": 595449933,
            "price": "615.97000000",
            "quantity": "0.01100000",
            "first_trade_id": 852010380,
            "last_trade_id": 852010380,
            "timestamp": 1732039748698,
            "isBuyerMaker": false,
            "isBestMatch": true
        },
        {
            "agg_trade_id": 595449934,
            "price": "615.97000000",
            "quantity": "0.01100000",
            "first_trade_id": 852010381,
            "last_trade_id": 852010381,
            "timestamp": 1732039748698,
            "isBuyerMaker": false,
            "isBestMatch": true
        },
        {
            "agg_trade_id": 595449935,
            "price": "615.97000000",
            "quantity": "0.01100000",
            "first_trade_id": 852010382,
            "last_trade_id": 852010382,
            "timestamp": 1732039748698,
            "isBuyerMaker": false,
            "isBestMatch": true
        },
        {
            "agg_trade_id": 595449936,
            "price": "615.97000000",
            "quantity": "0.01100000",
            "first_trade_id": 852010383,
            "last_trade_id": 852010383,
            "timestamp": 1732039748698,
            "isBuyerMaker": false,
            "isBestMatch": true
        },
        {
            "agg_trade_id": 595449937,
            "price": "615.97000000",
            "quantity": "0.01100000",
            "first_trade_id": 852010384,
            "last_trade_id": 852010384,
            "timestamp": 1732039748698,
            "isBuyerMaker": false,
            "isBestMatch": true
        },
        {
            "agg_trade_id": 595449938,
            "price": "615.97000000",
            "quantity": "0.01100000",
            "first_trade_id": 852010385,
            "last_trade_id": 852010385,
            "timestamp": 1732039748698,
            "isBuyerMaker": false,
            "isBestMatch": true
        },
        {
            "agg_trade_id": 595449939,
            "price": "615.97000000",
            "quantity": "0.01100000",
            "first_trade_id": 852010386,
            "last_trade_id": 852010386,
            "timestamp": 1732039748698,
            "isBuyerMaker": false,
            "isBestMatch": true
        },
        {
            "agg_trade_id": 595449940,
            "price": "615.97000000",
            "quantity": "0.01100000",
            "first_trade_id": 852010387,
            "last_trade_id": 852010387,
            "timestamp": 1732039748698,
            "isBuyerMaker": false,
            "isBestMatch": true
        },
        {
            "agg_trade_id": 595449941,
            "price": "615.97000000",
            "quantity": "0.01100000",
            "first_trade_id": 852010388,
            "last_trade_id": 852010388,
            "timestamp": 1732039748698,
            "isBuyerMaker": false,
            "isBestMatch": true
        },
        {
            "agg_trade_id": 595449942,
            "price": "615.97000000",
            "quantity": "0.01100000",
            "first_trade_id": 852010389,
            "last_trade_id": 852010389,
            "timestamp": 1732039748698,
            "isBuyerMaker": false,
            "isBestMatch": true
        },
        {
            "agg_trade_id": 595449943,
            "price": "615.97000000",
            "quantity": "0.01100000",
            "first_trade_id": 852010390,
            "last_trade_id": 852010390,
            "timestamp": 1732039748698,
            "isBuyerMaker": false,
            "isBestMatch": true
        },
        {
            "agg_trade_id": 595449944,
            "price": "615.97000000",
            "quantity": "0.01100000",
            "first_trade_id": 852010391,
            "last_trade_id": 852010391,
            "timestamp": 1732039748698,
            "isBuyerMaker": false,
            "isBestMatch": true
        },
        {
            "agg_trade_id": 595449945,
            "price": "615.97000000",
            "quantity": "0.01100000",
            "first_trade_id": 852010392,
            "last_trade_id": 852010392,
            "timestamp": 1732039748698,
            "isBuyerMaker": false,
            "isBestMatch": true
        },
        {
            "agg_trade_id": 595449946,
            "price": "615.97000000",
            "quantity": "0.01100000",
            "first_trade_id": 852010393,
            "last_trade_id": 852010393,
            "timestamp": 1732039748698,
            "isBuyerMaker": false,
            "isBestMatch": true
        },
        {
            "agg_trade_id": 595449947,
            "price": "615.97000000",
            "quantity": "0.01100000",
            "first_trade_id": 852010394,
            "last_trade_id": 852010394,
            "timestamp": 1732039748698,
            "isBuyerMaker": false,
            "isBestMatch": true
        },
        {
            "agg_trade_id": 595449948,
            "price": "615.97000000",
            "quantity": "0.01100000",
            "first_trade_id": 852010395,
            "last_trade_id": 852010395,
            "timestamp": 1732039748698,
            "isBuyerMaker": false,
            "isBestMatch": true
        },
        {
            "agg_trade_id": 595449949,
            "price": "615.97000000",
            "quantity": "0.01100000",
            "first_trade_id": 852010396,
            "last_trade_id": 852010396,
            "timestamp": 1732039748698,
            "isBuyerMaker": false,
            "isBestMatch": true
        },
        {
            "agg_trade_id": 595449950,
            "price": "615.97000000",
            "quantity": "0.01100000",
            "first_trade_id": 852010397,
            "last_trade_id": 852010397,
            "timestamp": 1732039748698,
            "isBuyerMaker": false,
            "isBestMatch": true
        },
        {
            "agg_trade_id": 595449951,
            "price": "615.97000000",
            "quantity": "0.01100000",
            "first_trade_id": 852010398,
            "last_trade_id": 852010398,
            "timestamp": 1732039748698,
            "isBuyerMaker": false,
            "isBestMatch": true
        },
        {
            "agg_trade_id": 595449952,
            "price": "615.96000000",
            "quantity": "0.02700000",
            "first_trade_id": 852010399,
            "last_trade_id": 852010399,
            "timestamp": 1732039749704,
            "isBuyerMaker": true,
            "isBestMatch": true
        },
        {
            "agg_trade_id": 595449953,
            "price": "615.96000000",
            "quantity": "3.80700000",
            "first_trade_id": 852010400,
            "last_trade_id": 852010402,
            "timestamp": 1732039750286,
            "isBuyerMaker": true,
            "isBestMatch": true
        },
        {
            "agg_trade_id": 595449954,
            "price": "615.97000000",
            "quantity": "0.65700000",
            "first_trade_id": 852010403,
            "last_trade_id": 852010403,
            "timestamp": 1732039750319,
            "isBuyerMaker": false,
            "isBestMatch": true
        },
        {
            "agg_trade_id": 595449955,
            "price": "615.96000000",
            "quantity": "0.08000000",
            "first_trade_id": 852010404,
            "last_trade_id": 852010404,
            "timestamp": 1732039750528,
            "isBuyerMaker": true,
            "isBestMatch": true
        },
        {
            "agg_trade_id": 595449956,
            "price": "615.97000000",
            "quantity": "2.65700000",
            "first_trade_id": 852010405,
            "last_trade_id": 852010405,
            "timestamp": 1732039752028,
            "isBuyerMaker": false,
            "isBestMatch": true
        },
        {
            "agg_trade_id": 595449957,
            "price": "615.97000000",
            "quantity": "1.62300000",
            "first_trade_id": 852010406,
            "last_trade_id": 852010406,
            "timestamp": 1732039752438,
            "isBuyerMaker": false,
            "isBestMatch": true
        },
        {
            "agg_trade_id": 595449958,
            "price": "615.97000000",
            "quantity": "0.04000000",
            "first_trade_id": 852010407,
            "last_trade_id": 852010407,
            "timestamp": 1732039754705,
            "isBuyerMaker": false,
            "isBestMatch": true
        },
        {
            "agg_trade_id": 595449959,
            "price": "615.97000000",
            "quantity": "0.56200000",
            "first_trade_id": 852010408,
            "last_trade_id": 852010408,
            "timestamp": 1732039755038,
            "isBuyerMaker": false,
            "isBestMatch": true
        },
        {
            "agg_trade_id": 595449960,
            "price": "615.97000000",
            "quantity": "0.66700000",
            "first_trade_id": 852010409,
            "last_trade_id": 852010409,
            "timestamp": 1732039755047,
            "isBuyerMaker": false,
            "isBestMatch": true
        },
        {
            "agg_trade_id": 595449961,
            "price": "615.96000000",
            "quantity": "0.14100000",
            "first_trade_id": 852010410,
            "last_trade_id": 852010411,
            "timestamp": 1732039755064,
            "isBuyerMaker": true,
            "isBestMatch": true
        },
        {
            "agg_trade_id": 595449962,
            "price": "615.96000000",
            "quantity": "0.02300000",
            "first_trade_id": 852010412,
            "last_trade_id": 852010412,
            "timestamp": 1732039755180,
            "isBuyerMaker": true,
            "isBestMatch": true
        },
        {
            "agg_trade_id": 595449963,
            "price": "615.96000000",
            "quantity": "4.60100000",
            "first_trade_id": 852010413,
            "last_trade_id": 852010414,
            "timestamp": 1732039755286,
            "isBuyerMaker": true,
            "isBestMatch": true
        },
        {
            "agg_trade_id": 595449964,
            "price": "615.96000000",
            "quantity": "0.04100000",
            "first_trade_id": 852010415,
            "last_trade_id": 852010415,
            "timestamp": 1732039755416,
            "isBuyerMaker": true,
            "isBestMatch": true
        },
        {
            "agg_trade_id": 595449965,
            "price": "615.97000000",
            "quantity": "0.15600000",
            "first_trade_id": 852010416,
            "last_trade_id": 852010416,
            "timestamp": 1732039757190,
            "isBuyerMaker": false,
            "isBestMatch": true
        },
        {
            "agg_trade_id": 595449966,
            "price": "615.96000000",
            "quantity": "0.60400000",
            "first_trade_id": 852010417,
            "last_trade_id": 852010419,
            "timestamp": 1732039758261,
            "isBuyerMaker": true,
            "isBestMatch": true
        },
        {
            "agg_trade_id": 595449967,
            "price": "615.96000000",
            "quantity": "0.01700000",
            "first_trade_id": 852010420,
            "last_trade_id": 852010420,
            "timestamp": 1732039758788,
            "isBuyerMaker": true,
            "isBestMatch": true
        },
        {
            "agg_trade_id": 595449968,
            "price": "615.96000000",
            "quantity": "2.24000000",
            "first_trade_id": 852010421,
            "last_trade_id": 852010422,
            "timestamp": 1732039759288,
            "isBuyerMaker": true,
            "isBestMatch": true
        },
        {
            "agg_trade_id": 595449969,
            "price": "615.96000000",
            "quantity": "0.46900000",
            "first_trade_id": 852010423,
            "last_trade_id": 852010423,
            "timestamp": 1732039759532,
            "isBuyerMaker": true,
            "isBestMatch": true
        },
        {
            "agg_trade_id": 595449970,
            "price": "615.96000000",
            "quantity": "0.39300000",
            "first_trade_id": 852010424,
            "last_trade_id": 852010424,
            "timestamp": 1732039759836,
            "isBuyerMaker": true,
            "isBestMatch": true
        },
        {
            "agg_trade_id": 595449971,
            "price": "615.96000000",
            "quantity": "0.60500000",
            "first_trade_id": 852010425,
            "last_trade_id": 852010425,
            "timestamp": 1732039760261,
            "isBuyerMaker": true,
            "isBestMatch": true
        },
        {
            "agg_trade_id": 595449972,
            "price": "615.96000000",
            "quantity": "0.37400000",
            "first_trade_id": 852010426,
            "last_trade_id": 852010426,
            "timestamp": 1732039760836,
            "isBuyerMaker": true,
            "isBestMatch": true
        },
        {
            "agg_trade_id": 595449973,
            "price": "615.96000000",
            "quantity": "0.60500000",
            "first_trade_id": 852010427,
            "last_trade_id": 852010427,
            "timestamp": 1732039761260,
            "isBuyerMaker": true,
            "isBestMatch": true
        },
        {
            "agg_trade_id": 595449974,
            "price": "615.96000000",
            "quantity": "0.46800000",
            "first_trade_id": 852010428,
            "last_trade_id": 852010428,
            "timestamp": 1732039761534,
            "isBuyerMaker": true,
            "isBestMatch": true
        },
        {
            "agg_trade_id": 595449975,
            "price": "615.97000000",
            "quantity": "0.14500000",
            "first_trade_id": 852010429,
            "last_trade_id": 852010429,
            "timestamp": 1732039761691,
            "isBuyerMaker": false,
            "isBestMatch": true
        },
        {
            "agg_trade_id": 595449976,
            "price": "615.96000000",
            "quantity": "0.46800000",
            "first_trade_id": 852010430,
            "last_trade_id": 852010430,
            "timestamp": 1732039762534,
            "isBuyerMaker": true,
            "isBestMatch": true
        },
        {
            "agg_trade_id": 595449977,
            "price": "615.97000000",
            "quantity": "0.10300000",
            "first_trade_id": 852010431,
            "last_trade_id": 852010431,
            "timestamp": 1732039762859,
            "isBuyerMaker": false,
            "isBestMatch": true
        },
        {
            "agg_trade_id": 595449978,
            "price": "615.97000000",
            "quantity": "0.20600000",
            "first_trade_id": 852010432,
            "last_trade_id": 852010432,
            "timestamp": 1732039764216,
            "isBuyerMaker": false,
            "isBestMatch": true
        },
        {
            "agg_trade_id": 595449979,
            "price": "615.97000000",
            "quantity": "0.08100000",
            "first_trade_id": 852010433,
            "last_trade_id": 852010433,
            "timestamp": 1732039764296,
            "isBuyerMaker": false,
            "isBestMatch": true
        },
        {
            "agg_trade_id": 595449980,
            "price": "615.96000000",
            "quantity": "4.68000000",
            "first_trade_id": 852010434,
            "last_trade_id": 852010440,
            "timestamp": 1732039765286,
            "isBuyerMaker": true,
            "isBestMatch": true
        },
        {
            "agg_trade_id": 595449981,
            "price": "615.96000000",
            "quantity": "0.04400000",
            "first_trade_id": 852010441,
            "last_trade_id": 852010441,
            "timestamp": 1732039765617,
            "isBuyerMaker": true,
            "isBestMatch": true
        },
        {
            "agg_trade_id": 595449982,
            "price": "615.96000000",
            "quantity": "0.01600000",
            "first_trade_id": 852010442,
            "last_trade_id": 852010442,
            "timestamp": 1732039766114,
            "isBuyerMaker": true,
            "isBestMatch": true
        },
        {
            "agg_trade_id": 595449983,
            "price": "615.96000000",
            "quantity": "0.01900000",
            "first_trade_id": 852010443,
            "last_trade_id": 852010443,
            "timestamp": 1732039766856,
            "isBuyerMaker": true,
            "isBestMatch": true
        },
        {
            "agg_trade_id": 595449984,
            "price": "615.97000000",
            "quantity": "6.47400000",
            "first_trade_id": 852010444,
            "last_trade_id": 852010447,
            "timestamp": 1732039766862,
            "isBuyerMaker": false,
            "isBestMatch": true
        },
        {
            "agg_trade_id": 595449985,
            "price": "615.98000000",
            "quantity": "0.82800000",
            "first_trade_id": 852010448,
            "last_trade_id": 852010450,
            "timestamp": 1732039766862,
            "isBuyerMaker": false,
            "isBestMatch": true
        },
        {
            "agg_trade_id": 595449986,
            "price": "615.99000000",
            "quantity": "0.12800000",
            "first_trade_id": 852010451,
            "last_trade_id": 852010455,
            "timestamp": 1732039766862,
            "isBuyerMaker": false,
            "isBestMatch": true
        },
        {
            "agg_trade_id": 595449987,
            "price": "616.00000000",
            "quantity": "0.26000000",
            "first_trade_id": 852010456,
            "last_trade_id": 852010456,
            "timestamp": 1732039766862,
            "isBuyerMaker": false,
            "isBestMatch": true
        },
        {
            "agg_trade_id": 595449988,
            "price": "616.00000000",
            "quantity": "0.57100000",
            "first_trade_id": 852010457,
            "last_trade_id": 852010457,
            "timestamp": 1732039767331,
            "isBuyerMaker": false,
            "isBestMatch": true
        },
        {
            "agg_trade_id": 595449989,
            "price": "616.00000000",
            "quantity": "2.07200000",
            "first_trade_id": 852010458,
            "last_trade_id": 852010460,
            "timestamp": 1732039768131,
            "isBuyerMaker": false,
            "isBestMatch": true
        },
        {
            "agg_trade_id": 595449990,
            "price": "616.00000000",
            "quantity": "0.13600000",
            "first_trade_id": 852010461,
            "last_trade_id": 852010465,
            "timestamp": 1732039768131,
            "isBuyerMaker": false,
            "isBestMatch": true
        },
        {
            "agg_trade_id": 595449991,
            "price": "616.01000000",
            "quantity": "0.01800000",
            "first_trade_id": 852010466,
            "last_trade_id": 852010467,
            "timestamp": 1732039768131,
            "isBuyerMaker": false,
            "isBestMatch": true
        },
        {
            "agg_trade_id": 595449992,
            "price": "616.02000000",
            "quantity": "1.08700000",
            "first_trade_id": 852010468,
            "last_trade_id": 852010470,
            "timestamp": 1732039768131,
            "isBuyerMaker": false,
            "isBestMatch": true
        },
        {
            "agg_trade_id": 595449993,
            "price": "616.03000000",
            "quantity": "0.78300000",
            "first_trade_id": 852010471,
            "last_trade_id": 852010471,
            "timestamp": 1732039768131,
            "isBuyerMaker": false,
            "isBestMatch": true
        },
        {
            "agg_trade_id": 595449994,
            "price": "616.03000000",
            "quantity": "0.02700000",
            "first_trade_id": 852010472,
            "last_trade_id": 852010472,
            "timestamp": 1732039768134,
            "isBuyerMaker": false,
            "isBestMatch": true
        },
        {
            "agg_trade_id": 595449995,
            "price": "616.06000000",
            "quantity": "0.01100000",
            "first_trade_id": 852010473,
            "last_trade_id": 852010473,
            "timestamp": 1732039768143,
            "isBuyerMaker": false,
            "isBestMatch": true
        },
        {
            "agg_trade_id": 595449996,
            "price": "616.09000000",
            "quantity": "0.01100000",
            "first_trade_id": 852010474,
            "last_trade_id": 852010474,
            "timestamp": 1732039768199,
            "isBuyerMaker": false,
            "isBestMatch": true
        },
        {
            "agg_trade_id": 595449997,
            "price": "616.09000000",
            "quantity": "0.08100000",
            "first_trade_id": 852010475,
            "last_trade_id": 852010476,
            "timestamp": 1732039768993,
            "isBuyerMaker": false,
            "isBestMatch": true
        },
        {
            "agg_trade_id": 595449998,
            "price": "616.09000000",
            "quantity": "0.08000000",
            "first_trade_id": 852010477,
            "last_trade_id": 852010477,
            "timestamp": 1732039769014,
            "isBuyerMaker": false,
            "isBestMatch": true
        },
        {
            "agg_trade_id": 595449999,
            "price": "616.09000000",
            "quantity": "0.03600000",
            "first_trade_id": 852010478,
            "last_trade_id": 852010478,
            "timestamp": 1732039769015,
            "isBuyerMaker": false,
            "isBestMatch": true
        },
        {
            "agg_trade_id": 595450000,
            "price": "616.09000000",
            "quantity": "0.03600000",
            "first_trade_id": 852010479,
            "last_trade_id": 852010479,
            "timestamp": 1732039769017,
            "isBuyerMaker": false,
            "isBestMatch": true
        },
        {
            "agg_trade_id": 595450001,
            "price": "616.09000000",
            "quantity": "0.03600000",
            "first_trade_id": 852010480,
            "last_trade_id": 852010480,
            "timestamp": 1732039769018,
            "isBuyerMaker": false,
            "isBestMatch": true
        },
        {
            "agg_trade_id": 595450002,
            "price": "616.09000000",
            "quantity": "0.03600000",
            "first_trade_id": 852010481,
            "last_trade_id": 852010481,
            "timestamp": 1732039769021,
            "isBuyerMaker": false,
            "isBestMatch": true
        },
        {
            "agg_trade_id": 595450003,
            "price": "616.09000000",
            "quantity": "0.67700000",
            "first_trade_id": 852010482,
            "last_trade_id": 852010482,
            "timestamp": 1732039769022,
            "isBuyerMaker": false,
            "isBestMatch": true
        },
        {
            "agg_trade_id": 595450004,
            "price": "616.09000000",
            "quantity": "0.27300000",
            "first_trade_id": 852010483,
            "last_trade_id": 852010483,
            "timestamp": 1732039769022,
            "isBuyerMaker": false,
            "isBestMatch": true
        },
        {
            "agg_trade_id": 595450005,
            "price": "616.09000000",
            "quantity": "0.03600000",
            "first_trade_id": 852010484,
            "last_trade_id": 852010484,
            "timestamp": 1732039769025,
            "isBuyerMaker": false,
            "isBestMatch": true
        },
        {
            "agg_trade_id": 595450006,
            "price": "616.09000000",
            "quantity": "0.18100000",
            "first_trade_id": 852010485,
            "last_trade_id": 852010488,
            "timestamp": 1732039769038,
            "isBuyerMaker": false,
            "isBestMatch": true
        },
        {
            "agg_trade_id": 595450007,
            "price": "616.09000000",
            "quantity": "0.01100000",
            "first_trade_id": 852010489,
            "last_trade_id": 852010489,
            "timestamp": 1732039769040,
            "isBuyerMaker": false,
            "isBestMatch": true
        },
        {
            "agg_trade_id": 595450008,
            "price": "616.09000000",
            "quantity": "0.01100000",
            "first_trade_id": 852010490,
            "last_trade_id": 852010490,
            "timestamp": 1732039769040,
            "isBuyerMaker": false,
            "isBestMatch": true
        },
        {
            "agg_trade_id": 595450009,
            "price": "616.09000000",
            "quantity": "0.01100000",
            "first_trade_id": 852010491,
            "last_trade_id": 852010491,
            "timestamp": 1732039769040,
            "isBuyerMaker": false,
            "isBestMatch": true
        },
        {
            "agg_trade_id": 595450010,
            "price": "616.09000000",
            "quantity": "0.01100000",
            "first_trade_id": 852010492,
            "last_trade_id": 852010492,
            "timestamp": 1732039769040,
            "isBuyerMaker": false,
            "isBestMatch": true
        },
        {
            "agg_trade_id": 595450011,
            "price": "616.09000000",
            "quantity": "0.01100000",
            "first_trade_id": 852010493,
            "last_trade_id": 852010493,
            "timestamp": 1732039769040,
            "isBuyerMaker": false,
            "isBestMatch": true
        },
        {
            "agg_trade_id": 595450012,
            "price": "616.09000000",
            "quantity": "0.01100000",
            "first_trade_id": 852010494,
            "last_trade_id": 852010494,
            "timestamp": 1732039769040,
            "isBuyerMaker": false,
            "isBestMatch": true
        },
        {
            "agg_trade_id": 595450013,
            "price": "616.09000000",
            "quantity": "0.01100000",
            "first_trade_id": 852010495,
            "last_trade_id": 852010495,
            "timestamp": 1732039769040,
            "isBuyerMaker": false,
            "isBestMatch": true
        },
        {
            "agg_trade_id": 595450014,
            "price": "616.09000000",
            "quantity": "0.01100000",
            "first_trade_id": 852010496,
            "last_trade_id": 852010496,
            "timestamp": 1732039769041,
            "isBuyerMaker": false,
            "isBestMatch": true
        },
        {
            "agg_trade_id": 595450015,
            "price": "616.09000000",
            "quantity": "0.01100000",
            "first_trade_id": 852010497,
            "last_trade_id": 852010497,
            "timestamp": 1732039769041,
            "isBuyerMaker": false,
            "isBestMatch": true
        },
        {
            "agg_trade_id": 595450016,
            "price": "616.10000000",
            "quantity": "0.01100000",
            "first_trade_id": 852010498,
            "last_trade_id": 852010498,
            "timestamp": 1732039769041,
            "isBuyerMaker": false,
            "isBestMatch": true
        },
        {
            "agg_trade_id": 595450017,
            "price": "616.09000000",
            "quantity": "0.20400000",
            "first_trade_id": 852010499,
            "last_trade_id": 852010499,
            "timestamp": 1732039769090,
            "isBuyerMaker": true,
            "isBestMatch": true
        },
        {
            "agg_trade_id": 595450018,
            "price": "616.09000000",
            "quantity": "0.18700000",
            "first_trade_id": 852010500,
            "last_trade_id": 852010500,
            "timestamp": 1732039769091,
            "isBuyerMaker": true,
            "isBestMatch": true
        },
        {
            "agg_trade_id": 595450019,
            "price": "616.09000000",
            "quantity": "0.20400000",
            "first_trade_id": 852010501,
            "last_trade_id": 852010501,
            "timestamp": 1732039769149,
            "isBuyerMaker": true,
            "isBestMatch": true
        },
        {
            "agg_trade_id": 595450020,
            "price": "616.09000000",
            "quantity": "0.18700000",
            "first_trade_id": 852010502,
            "last_trade_id": 852010502,
            "timestamp": 1732039769174,
            "isBuyerMaker": true,
            "isBestMatch": true
        },
        {
            "agg_trade_id": 595450021,
            "price": "616.09000000",
            "quantity": "4.60800000",
            "first_trade_id": 852010503,
            "last_trade_id": 852010504,
            "timestamp": 1732039769291,
            "isBuyerMaker": true,
            "isBestMatch": true
        },
        {
            "agg_trade_id": 595450022,
            "price": "616.10000000",
            "quantity": "0.01100000",
            "first_trade_id": 852010505,
            "last_trade_id": 852010505,
            "timestamp": 1732039770213,
            "isBuyerMaker": false,
            "isBestMatch": true
        },
        {
            "agg_trade_id": 595450023,
            "price": "616.10000000",
            "quantity": "1.13600000",
            "first_trade_id": 852010506,
            "last_trade_id": 852010506,
            "timestamp": 1732039770649,
            "isBuyerMaker": false,
            "isBestMatch": true
        },
        {
            "agg_trade_id": 595450024,
            "price": "616.10000000",
            "quantity": "0.11600000",
            "first_trade_id": 852010507,
            "last_trade_id": 852010507,
            "timestamp": 1732039771170,
            "isBuyerMaker": false,
            "isBestMatch": true
        },
        {
            "agg_trade_id": 595450025,
            "price": "616.10000000",
            "quantity": "1.41800000",
            "first_trade_id": 852010508,
            "last_trade_id": 852010512,
            "timestamp": 1732039771303,
            "isBuyerMaker": false,
            "isBestMatch": true
        },
        {
            "agg_trade_id": 595450026,
            "price": "616.11000000",
            "quantity": "0.01800000",
            "first_trade_id": 852010513,
            "last_trade_id": 852010514,
            "timestamp": 1732039771303,
            "isBuyerMaker": false,
            "isBestMatch": true
        },
        {
            "agg_trade_id": 595450027,
            "price": "616.12000000",
            "quantity": "0.01800000",
            "first_trade_id": 852010515,
            "last_trade_id": 852010516,
            "timestamp": 1732039771303,
            "isBuyerMaker": false,
            "isBestMatch": true
        },
        {
            "agg_trade_id": 595450028,
            "price": "616.13000000",
            "quantity": "0.08300000",
            "first_trade_id": 852010517,
            "last_trade_id": 852010517,
            "timestamp": 1732039771303,
            "isBuyerMaker": false,
            "isBestMatch": true
        },
        {
            "agg_trade_id": 595450029,
            "price": "616.13000000",
            "quantity": "0.01700000",
            "first_trade_id": 852010518,
            "last_trade_id": 852010519,
            "timestamp": 1732039771564,
            "isBuyerMaker": false,
            "isBestMatch": true
        },
        {
            "agg_trade_id": 595450030,
            "price": "616.13000000",
            "quantity": "0.00100000",
            "first_trade_id": 852010520,
            "last_trade_id": 852010520,
            "timestamp": 1732039771651,
            "isBuyerMaker": false,
            "isBestMatch": true
        },
        {
            "agg_trade_id": 595450031,
            "price": "616.14000000",
            "quantity": "0.00900000",
            "first_trade_id": 852010521,
            "last_trade_id": 852010521,
            "timestamp": 1732039771651,
            "isBuyerMaker": false,
            "isBestMatch": true
        },
        {
            "agg_trade_id": 595450032,
            "price": "616.15000000",
            "quantity": "0.86900000",
            "first_trade_id": 852010522,
            "last_trade_id": 852010523,
            "timestamp": 1732039771651,
            "isBuyerMaker": false,
            "isBestMatch": true
        },
        {
            "agg_trade_id": 595450033,
            "price": "616.19000000",
            "quantity": "0.22800000",
            "first_trade_id": 852010524,
            "last_trade_id": 852010529,
            "timestamp": 1732039771651,
            "isBuyerMaker": false,
            "isBestMatch": true
        },
        {
            "agg_trade_id": 595450034,
            "price": "616.20000000",
            "quantity": "0.52400000",
            "first_trade_id": 852010530,
            "last_trade_id": 852010530,
            "timestamp": 1732039771651,
            "isBuyerMaker": false,
            "isBestMatch": true
        },
        {
            "agg_trade_id": 595450035,
            "price": "616.19000000",
            "quantity": "0.03600000",
            "first_trade_id": 852010531,
            "last_trade_id": 852010531,
            "timestamp": 1732039773503,
            "isBuyerMaker": true,
            "isBestMatch": true
        },
        {
            "agg_trade_id": 595450036,
            "price": "616.19000000",
            "quantity": "0.03500000",
            "first_trade_id": 852010532,
            "last_trade_id": 852010532,
            "timestamp": 1732039773503,
            "isBuyerMaker": true,
            "isBestMatch": true
        },
        {
            "agg_trade_id": 595450037,
            "price": "616.20000000",
            "quantity": "0.02400000",
            "first_trade_id": 852010533,
            "last_trade_id": 852010533,
            "timestamp": 1732039773910,
            "isBuyerMaker": false,
            "isBestMatch": true
        },
        {
            "agg_trade_id": 595450038,
            "price": "616.20000000",
            "quantity": "0.69900000",
            "first_trade_id": 852010534,
            "last_trade_id": 852010535,
            "timestamp": 1732039775271,
            "isBuyerMaker": false,
            "isBestMatch": true
        },
        {
            "agg_trade_id": 595450039,
            "price": "616.19000000",
            "quantity": "4.15100000",
            "first_trade_id": 852010536,
            "last_trade_id": 852010540,
            "timestamp": 1732039775285,
            "isBuyerMaker": true,
            "isBestMatch": true
        },
        {
            "agg_trade_id": 595450040,
            "price": "616.19000000",
            "quantity": "0.09300000",
            "first_trade_id": 852010541,
            "last_trade_id": 852010541,
            "timestamp": 1732039776317,
            "isBuyerMaker": true,
            "isBestMatch": true
        },
        {
            "agg_trade_id": 595450041,
            "price": "616.19000000",
            "quantity": "0.74800000",
            "first_trade_id": 852010542,
            "last_trade_id": 852010542,
            "timestamp": 1732039778080,
            "isBuyerMaker": true,
            "isBestMatch": true
        },
        {
            "agg_trade_id": 595450042,
            "price": "616.20000000",
            "quantity": "0.06500000",
            "first_trade_id": 852010543,
            "last_trade_id": 852010543,
            "timestamp": 1732039779298,
            "isBuyerMaker": false,
            "isBestMatch": true
        },
        {
            "agg_trade_id": 595450043,
            "price": "616.20000000",
            "quantity": "0.05000000",
            "first_trade_id": 852010544,
            "last_trade_id": 852010544,
            "timestamp": 1732039779663,
            "isBuyerMaker": false,
            "isBestMatch": true
        },
        {
            "agg_trade_id": 595450044,
            "price": "616.19000000",
            "quantity": "0.74900000",
            "first_trade_id": 852010545,
            "last_trade_id": 852010545,
            "timestamp": 1732039780080,
            "isBuyerMaker": true,
            "isBestMatch": true
        },
        {
            "agg_trade_id": 595450045,
            "price": "616.20000000",
            "quantity": "0.00800000",
            "first_trade_id": 852010546,
            "last_trade_id": 852010546,
            "timestamp": 1732039780212,
            "isBuyerMaker": false,
            "isBestMatch": true
        },
        {
            "agg_trade_id": 595450046,
            "price": "616.19000000",
            "quantity": "0.74900000",
            "first_trade_id": 852010547,
            "last_trade_id": 852010547,
            "timestamp": 1732039781080,
            "isBuyerMaker": true,
            "isBestMatch": true
        },
        {
            "agg_trade_id": 595450047,
            "price": "616.20000000",
            "quantity": "0.09200000",
            "first_trade_id": 852010548,
            "last_trade_id": 852010549,
            "timestamp": 1732039783454,
            "isBuyerMaker": false,
            "isBestMatch": true
        },
        {
            "agg_trade_id": 595450048,
            "price": "616.19000000",
            "quantity": "0.58100000",
            "first_trade_id": 852010550,
            "last_trade_id": 852010550,
            "timestamp": 1732039783681,
            "isBuyerMaker": true,
            "isBestMatch": true
        },
        {
            "agg_trade_id": 595450049,
            "price": "616.20000000",
            "quantity": "0.05000000",
            "first_trade_id": 852010551,
            "last_trade_id": 852010551,
            "timestamp": 1732039783690,
            "isBuyerMaker": false,
            "isBestMatch": true
        },
        {
            "agg_trade_id": 595450050,
            "price": "616.20000000",
            "quantity": "0.03000000",
            "first_trade_id": 852010552,
            "last_trade_id": 852010552,
            "timestamp": 1732039783908,
            "isBuyerMaker": false,
            "isBestMatch": true
        },
        {
            "agg_trade_id": 595450051,
            "price": "616.20000000",
            "quantity": "0.02900000",
            "first_trade_id": 852010553,
            "last_trade_id": 852010553,
            "timestamp": 1732039784294,
            "isBuyerMaker": false,
            "isBestMatch": true
        },
        {
            "agg_trade_id": 595450052,
            "price": "616.19000000",
            "quantity": "0.03300000",
            "first_trade_id": 852010554,
            "last_trade_id": 852010554,
            "timestamp": 1732039784308,
            "isBuyerMaker": true,
            "isBestMatch": true
        },
        {
            "agg_trade_id": 595450053,
            "price": "616.19000000",
            "quantity": "0.03300000",
            "first_trade_id": 852010555,
            "last_trade_id": 852010555,
            "timestamp": 1732039784308,
            "isBuyerMaker": true,
            "isBestMatch": true
        },
        {
            "agg_trade_id": 595450054,
            "price": "616.19000000",
            "quantity": "0.03300000",
            "first_trade_id": 852010556,
            "last_trade_id": 852010556,
            "timestamp": 1732039784309,
            "isBuyerMaker": true,
            "isBestMatch": true
        },
        {
            "agg_trade_id": 595450055,
            "price": "616.19000000",
            "quantity": "0.04900000",
            "first_trade_id": 852010557,
            "last_trade_id": 852010557,
            "timestamp": 1732039784309,
            "isBuyerMaker": true,
            "isBestMatch": true
        },
        {
            "agg_trade_id": 595450056,
            "price": "616.19000000",
            "quantity": "0.08200000",
            "first_trade_id": 852010558,
            "last_trade_id": 852010558,
            "timestamp": 1732039784309,
            "isBuyerMaker": true,
            "isBestMatch": true
        },
        {
            "agg_trade_id": 595450057,
            "price": "616.19000000",
            "quantity": "0.03300000",
            "first_trade_id": 852010559,
            "last_trade_id": 852010559,
            "timestamp": 1732039784323,
            "isBuyerMaker": true,
            "isBestMatch": true
        },
        {
            "agg_trade_id": 595450058,
            "price": "616.19000000",
            "quantity": "0.04900000",
            "first_trade_id": 852010560,
            "last_trade_id": 852010560,
            "timestamp": 1732039784323,
            "isBuyerMaker": true,
            "isBestMatch": true
        },
        {
            "agg_trade_id": 595450059,
            "price": "616.20000000",
            "quantity": "0.02900000",
            "first_trade_id": 852010561,
            "last_trade_id": 852010561,
            "timestamp": 1732039784326,
            "isBuyerMaker": false,
            "isBestMatch": true
        },
        {
            "agg_trade_id": 595450060,
            "price": "616.19000000",
            "quantity": "3.87800000",
            "first_trade_id": 852010562,
            "last_trade_id": 852010570,
            "timestamp": 1732039785285,
            "isBuyerMaker": true,
            "isBestMatch": true
        },
        {
            "agg_trade_id": 595450061,
            "price": "616.19000000",
            "quantity": "0.02100000",
            "first_trade_id": 852010571,
            "last_trade_id": 852010571,
            "timestamp": 1732039785703,
            "isBuyerMaker": true,
            "isBestMatch": true
        },
        {
            "agg_trade_id": 595450062,
            "price": "616.20000000",
            "quantity": "0.23200000",
            "first_trade_id": 852010572,
            "last_trade_id": 852010572,
            "timestamp": 1732039786428,
            "isBuyerMaker": false,
            "isBestMatch": true
        },
        {
            "agg_trade_id": 595450063,
            "price": "616.20000000",
            "quantity": "0.01700000",
            "first_trade_id": 852010573,
            "last_trade_id": 852010573,
            "timestamp": 1732039787726,
            "isBuyerMaker": false,
            "isBestMatch": true
        },
        {
            "agg_trade_id": 595450064,
            "price": "616.20000000",
            "quantity": "0.16200000",
            "first_trade_id": 852010574,
            "last_trade_id": 852010574,
            "timestamp": 1732039787768,
            "isBuyerMaker": false,
            "isBestMatch": true
        },
        {
            "agg_trade_id": 595450065,
            "price": "616.19000000",
            "quantity": "0.18500000",
            "first_trade_id": 852010575,
            "last_trade_id": 852010578,
            "timestamp": 1732039788108,
            "isBuyerMaker": true,
            "isBestMatch": true
        },
        {
            "agg_trade_id": 595450066,
            "price": "616.18000000",
            "quantity": "0.01800000",
            "first_trade_id": 852010579,
            "last_trade_id": 852010580,
            "timestamp": 1732039788108,
            "isBuyerMaker": true,
            "isBestMatch": true
        },
        {
            "agg_trade_id": 595450067,
            "price": "616.17000000",
            "quantity": "0.01800000",
            "first_trade_id": 852010581,
            "last_trade_id": 852010582,
            "timestamp": 1732039788108,
            "isBuyerMaker": true,
            "isBestMatch": true
        },
        {
            "agg_trade_id": 595450068,
            "price": "616.14000000",
            "quantity": "0.01100000",
            "first_trade_id": 852010583,
            "last_trade_id": 852010583,
            "timestamp": 1732039788117,
            "isBuyerMaker": true,
            "isBestMatch": true
        },
        {
            "agg_trade_id": 595450069,
            "price": "616.15000000",
            "quantity": "0.68800000",
            "first_trade_id": 852010584,
            "last_trade_id": 852010584,
            "timestamp": 1732039789309,
            "isBuyerMaker": false,
            "isBestMatch": true
        },
        {
            "agg_trade_id": 595450070,
            "price": "616.15000000",
            "quantity": "0.03600000",
            "first_trade_id": 852010585,
            "last_trade_id": 852010585,
            "timestamp": 1732039789462,
            "isBuyerMaker": false,
            "isBestMatch": true
        },
        {
            "agg_trade_id": 595450071,
            "price": "616.15000000",
            "quantity": "2.00000000",
            "first_trade_id": 852010586,
            "last_trade_id": 852010587,
            "timestamp": 1732039789868,
            "isBuyerMaker": false,
            "isBestMatch": true
        },
        {
            "agg_trade_id": 595450072,
            "price": "616.15000000",
            "quantity": "6.09000000",
            "first_trade_id": 852010588,
            "last_trade_id": 852010589,
            "timestamp": 1732039789868,
            "isBuyerMaker": false,
            "isBestMatch": true
        },
        {
            "agg_trade_id": 595450073,
            "price": "616.16000000",
            "quantity": "0.56300000",
            "first_trade_id": 852010590,
            "last_trade_id": 852010590,
            "timestamp": 1732039789868,
            "isBuyerMaker": false,
            "isBestMatch": true
        },
        {
            "agg_trade_id": 595450074,
            "price": "616.17000000",
            "quantity": "3.28500000",
            "first_trade_id": 852010591,
            "last_trade_id": 852010593,
            "timestamp": 1732039789868,
            "isBuyerMaker": false,
            "isBestMatch": true
        },
        {
            "agg_trade_id": 595450075,
            "price": "616.18000000",
            "quantity": "7.18200000",
            "first_trade_id": 852010594,
            "last_trade_id": 852010594,
            "timestamp": 1732039789868,
            "isBuyerMaker": false,
            "isBestMatch": true
        },
        {
            "agg_trade_id": 595450076,
            "price": "616.19000000",
            "quantity": "8.25500000",
            "first_trade_id": 852010595,
            "last_trade_id": 852010595,
            "timestamp": 1732039789868,
            "isBuyerMaker": false,
            "isBestMatch": true
        },
        {
            "agg_trade_id": 595450077,
            "price": "616.20000000",
            "quantity": "45.92700000",
            "first_trade_id": 852010596,
            "last_trade_id": 852010603,
            "timestamp": 1732039789868,
            "isBuyerMaker": false,
            "isBestMatch": true
        },
        {
            "agg_trade_id": 595450078,
            "price": "616.21000000",
            "quantity": "4.55400000",
            "first_trade_id": 852010604,
            "last_trade_id": 852010605,
            "timestamp": 1732039789868,
            "isBuyerMaker": false,
            "isBestMatch": true
        },
        {
            "agg_trade_id": 595450079,
            "price": "616.22000000",
            "quantity": "8.04000000",
            "first_trade_id": 852010606,
            "last_trade_id": 852010608,
            "timestamp": 1732039789868,
            "isBuyerMaker": false,
            "isBestMatch": true
        },
        {
            "agg_trade_id": 595450080,
            "price": "616.23000000",
            "quantity": "3.62500000",
            "first_trade_id": 852010609,
            "last_trade_id": 852010609,
            "timestamp": 1732039789869,
            "isBuyerMaker": false,
            "isBestMatch": true
        },
        {
            "agg_trade_id": 595450081,
            "price": "616.24000000",
            "quantity": "0.37500000",
            "first_trade_id": 852010610,
            "last_trade_id": 852010611,
            "timestamp": 1732039789869,
            "isBuyerMaker": false,
            "isBestMatch": true
        },
        {
            "agg_trade_id": 595450082,
            "price": "616.26000000",
            "quantity": "0.01100000",
            "first_trade_id": 852010612,
            "last_trade_id": 852010612,
            "timestamp": 1732039790243,
            "isBuyerMaker": false,
            "isBestMatch": true
        },
        {
            "agg_trade_id": 595450083,
            "price": "616.26000000",
            "quantity": "0.01100000",
            "first_trade_id": 852010613,
            "last_trade_id": 852010613,
            "timestamp": 1732039790243,
            "isBuyerMaker": false,
            "isBestMatch": true
        },
        {
            "agg_trade_id": 595450084,
            "price": "616.26000000",
            "quantity": "0.00900000",
            "first_trade_id": 852010614,
            "last_trade_id": 852010614,
            "timestamp": 1732039790243,
            "isBuyerMaker": false,
            "isBestMatch": true
        },
        {
            "agg_trade_id": 595450085,
            "price": "616.27000000",
            "quantity": "0.00200000",
            "first_trade_id": 852010615,
            "last_trade_id": 852010615,
            "timestamp": 1732039790243,
            "isBuyerMaker": false,
            "isBestMatch": true
        },
        {
            "agg_trade_id": 595450086,
            "price": "616.27000000",
            "quantity": "0.03300000",
            "first_trade_id": 852010616,
            "last_trade_id": 852010616,
            "timestamp": 1732039790261,
            "isBuyerMaker": false,
            "isBestMatch": true
        },
        {
            "agg_trade_id": 595450087,
            "price": "616.26000000",
            "quantity": "3.26900000",
            "first_trade_id": 852010617,
            "last_trade_id": 852010618,
            "timestamp": 1732039790286,
            "isBuyerMaker": true,
            "isBestMatch": true
        },
        {
            "agg_trade_id": 595450088,
            "price": "616.27000000",
            "quantity": "0.09300000",
            "first_trade_id": 852010619,
            "last_trade_id": 852010619,
            "timestamp": 1732039792504,
            "isBuyerMaker": false,
            "isBestMatch": true
        },
        {
            "agg_trade_id": 595450089,
            "price": "616.27000000",
            "quantity": "2.08700000",
            "first_trade_id": 852010620,
            "last_trade_id": 852010622,
            "timestamp": 1732039792527,
            "isBuyerMaker": false,
            "isBestMatch": true
        },
        {
            "agg_trade_id": 595450090,
            "price": "616.28000000",
            "quantity": "0.00900000",
            "first_trade_id": 852010623,
            "last_trade_id": 852010623,
            "timestamp": 1732039792531,
            "isBuyerMaker": false,
            "isBestMatch": true
        },
        {
            "agg_trade_id": 595450091,
            "price": "616.30000000",
            "quantity": "0.00900000",
            "first_trade_id": 852010624,
            "last_trade_id": 852010624,
            "timestamp": 1732039792708,
            "isBuyerMaker": false,
            "isBestMatch": true
        },
        {
            "agg_trade_id": 595450092,
            "price": "616.30000000",
            "quantity": "0.00800000",
            "first_trade_id": 852010625,
            "last_trade_id": 852010625,
            "timestamp": 1732039793804,
            "isBuyerMaker": false,
            "isBestMatch": true
        },
        {
            "agg_trade_id": 595450093,
            "price": "616.29000000",
            "quantity": "4.87400000",
            "first_trade_id": 852010626,
            "last_trade_id": 852010627,
            "timestamp": 1732039794299,
            "isBuyerMaker": true,
            "isBestMatch": true
        },
        {
            "agg_trade_id": 595450094,
            "price": "616.29000000",
            "quantity": "0.00900000",
            "first_trade_id": 852010628,
            "last_trade_id": 852010628,
            "timestamp": 1732039794481,
            "isBuyerMaker": true,
            "isBestMatch": true
        },
        {
            "agg_trade_id": 595450095,
            "price": "616.30000000",
            "quantity": "1.00000000",
            "first_trade_id": 852010629,
            "last_trade_id": 852010629,
            "timestamp": 1732039795515,
            "isBuyerMaker": false,
            "isBestMatch": true
        },
        {
            "agg_trade_id": 595450096,
            "price": "616.30000000",
            "quantity": "1.69300000",
            "first_trade_id": 852010630,
            "last_trade_id": 852010633,
            "timestamp": 1732039795515,
            "isBuyerMaker": false,
            "isBestMatch": true
        },
        {
            "agg_trade_id": 595450097,
            "price": "616.30000000",
            "quantity": "0.03300000",
            "first_trade_id": 852010634,
            "last_trade_id": 852010634,
            "timestamp": 1732039795895,
            "isBuyerMaker": false,
            "isBestMatch": true
        },
        {
            "agg_trade_id": 595450098,
            "price": "616.30000000",
            "quantity": "0.02000000",
            "first_trade_id": 852010635,
            "last_trade_id": 852010635,
            "timestamp": 1732039796543,
            "isBuyerMaker": false,
            "isBestMatch": true
        },
        {
            "agg_trade_id": 595450099,
            "price": "616.30000000",
            "quantity": "0.11400000",
            "first_trade_id": 852010636,
            "last_trade_id": 852010636,
            "timestamp": 1732039798325,
            "isBuyerMaker": false,
            "isBestMatch": true
        },
        {
            "agg_trade_id": 595450100,
            "price": "616.30000000",
            "quantity": "0.20000000",
            "first_trade_id": 852010637,
            "last_trade_id": 852010639,
            "timestamp": 1732039799017,
            "isBuyerMaker": false,
            "isBestMatch": true
        },
        {
            "agg_trade_id": 595450101,
            "price": "616.30000000",
            "quantity": "0.29400000",
            "first_trade_id": 852010640,
            "last_trade_id": 852010640,
            "timestamp": 1732039800100,
            "isBuyerMaker": false,
            "isBestMatch": true
        },
        {
            "agg_trade_id": 595450102,
            "price": "616.30000000",
            "quantity": "0.01700000",
            "first_trade_id": 852010641,
            "last_trade_id": 852010641,
            "timestamp": 1732039800259,
            "isBuyerMaker": false,
            "isBestMatch": true
        },
        {
            "agg_trade_id": 595450103,
            "price": "616.29000000",
            "quantity": "3.28700000",
            "first_trade_id": 852010642,
            "last_trade_id": 852010643,
            "timestamp": 1732039800285,
            "isBuyerMaker": true,
            "isBestMatch": true
        },
        {
            "agg_trade_id": 595450104,
            "price": "616.30000000",
            "quantity": "0.60300000",
            "first_trade_id": 852010644,
            "last_trade_id": 852010644,
            "timestamp": 1732039800776,
            "isBuyerMaker": false,
            "isBestMatch": true
        },
        {
            "agg_trade_id": 595450105,
            "price": "616.30000000",
            "quantity": "0.45400000",
            "first_trade_id": 852010645,
            "last_trade_id": 852010646,
            "timestamp": 1732039801008,
            "isBuyerMaker": false,
            "isBestMatch": true
        },
        {
            "agg_trade_id": 595450106,
            "price": "616.31000000",
            "quantity": "0.02900000",
            "first_trade_id": 852010647,
            "last_trade_id": 852010647,
            "timestamp": 1732039801008,
            "isBuyerMaker": false,
            "isBestMatch": true
        },
        {
            "agg_trade_id": 595450107,
            "price": "616.32000000",
            "quantity": "0.01800000",
            "first_trade_id": 852010648,
            "last_trade_id": 852010649,
            "timestamp": 1732039801008,
            "isBuyerMaker": false,
            "isBestMatch": true
        },
        {
            "agg_trade_id": 595450108,
            "price": "616.33000000",
            "quantity": "0.09700000",
            "first_trade_id": 852010650,
            "last_trade_id": 852010650,
            "timestamp": 1732039801008,
            "isBuyerMaker": false,
            "isBestMatch": true
        },
        {
            "agg_trade_id": 595450109,
            "price": "616.34000000",
            "quantity": "0.03900000",
            "first_trade_id": 852010651,
            "last_trade_id": 852010652,
            "timestamp": 1732039801207,
            "isBuyerMaker": false,
            "isBestMatch": true
        },
        {
            "agg_trade_id": 595450110,
            "price": "616.35000000",
            "quantity": "0.82100000",
            "first_trade_id": 852010653,
            "last_trade_id": 852010654,
            "timestamp": 1732039801207,
            "isBuyerMaker": false,
            "isBestMatch": true
        },
        {
            "agg_trade_id": 595450111,
            "price": "616.38000000",
            "quantity": "0.01000000",
            "first_trade_id": 852010655,
            "last_trade_id": 852010655,
            "timestamp": 1732039801460,
            "isBuyerMaker": false,
            "isBestMatch": true
        },
        {
            "agg_trade_id": 595450112,
            "price": "616.38000000",
            "quantity": "0.01000000",
            "first_trade_id": 852010656,
            "last_trade_id": 852010657,
            "timestamp": 1732039801462,
            "isBuyerMaker": false,
            "isBestMatch": true
        },
        {
            "agg_trade_id": 595450113,
            "price": "616.38000000",
            "quantity": "0.01000000",
            "first_trade_id": 852010658,
            "last_trade_id": 852010658,
            "timestamp": 1732039801464,
            "isBuyerMaker": false,
            "isBestMatch": true
        },
        {
            "agg_trade_id": 595450114,
            "price": "616.38000000",
            "quantity": "0.11200000",
            "first_trade_id": 852010659,
            "last_trade_id": 852010659,
            "timestamp": 1732039801510,
            "isBuyerMaker": false,
            "isBestMatch": true
        },
        {
            "agg_trade_id": 595450115,
            "price": "616.37000000",
            "quantity": "0.03000000",
            "first_trade_id": 852010660,
            "last_trade_id": 852010660,
            "timestamp": 1732039801630,
            "isBuyerMaker": true,
            "isBestMatch": true
        },
        {
            "agg_trade_id": 595450116,
            "price": "616.38000000",
            "quantity": "0.01200000",
            "first_trade_id": 852010661,
            "last_trade_id": 852010661,
            "timestamp": 1732039802594,
            "isBuyerMaker": false,
            "isBestMatch": true
        },
        {
            "agg_trade_id": 595450117,
            "price": "616.37000000",
            "quantity": "7.69200000",
            "first_trade_id": 852010662,
            "last_trade_id": 852010664,
            "timestamp": 1732039802810,
            "isBuyerMaker": true,
            "isBestMatch": true
        },
        {
            "agg_trade_id": 595450118,
            "price": "616.38000000",
            "quantity": "0.02100000",
            "first_trade_id": 852010665,
            "last_trade_id": 852010665,
            "timestamp": 1732039803060,
            "isBuyerMaker": false,
            "isBestMatch": true
        },
        {
            "agg_trade_id": 595450119,
            "price": "616.38000000",
            "quantity": "0.02400000",
            "first_trade_id": 852010666,
            "last_trade_id": 852010666,
            "timestamp": 1732039803074,
            "isBuyerMaker": false,
            "isBestMatch": true
        },
        {
            "agg_trade_id": 595450120,
            "price": "616.37000000",
            "quantity": "0.03700000",
            "first_trade_id": 852010667,
            "last_trade_id": 852010667,
            "timestamp": 1732039803079,
            "isBuyerMaker": true,
            "isBestMatch": true
        },
        {
            "agg_trade_id": 595450121,
            "price": "616.38000000",
            "quantity": "0.06400000",
            "first_trade_id": 852010668,
            "last_trade_id": 852010668,
            "timestamp": 1732039803463,
            "isBuyerMaker": false,
            "isBestMatch": true
        },
        {
            "agg_trade_id": 595450122,
            "price": "616.38000000",
            "quantity": "0.01300000",
            "first_trade_id": 852010669,
            "last_trade_id": 852010669,
            "timestamp": 1732039803606,
            "isBuyerMaker": false,
            "isBestMatch": true
        },
        {
            "agg_trade_id": 595450123,
            "price": "616.38000000",
            "quantity": "0.02400000",
            "first_trade_id": 852010670,
            "last_trade_id": 852010670,
            "timestamp": 1732039803869,
            "isBuyerMaker": false,
            "isBestMatch": true
        },
        {
            "agg_trade_id": 595450124,
            "price": "616.37000000",
            "quantity": "0.03500000",
            "first_trade_id": 852010671,
            "last_trade_id": 852010671,
            "timestamp": 1732039803966,
            "isBuyerMaker": true,
            "isBestMatch": true
        },
        {
            "agg_trade_id": 595450125,
            "price": "616.37000000",
            "quantity": "0.04300000",
            "first_trade_id": 852010672,
            "last_trade_id": 852010672,
            "timestamp": 1732039804812,
            "isBuyerMaker": true,
            "isBestMatch": true
        },
        {
            "agg_trade_id": 595450126,
            "price": "616.37000000",
            "quantity": "2.94400000",
            "first_trade_id": 852010673,
            "last_trade_id": 852010673,
            "timestamp": 1732039805285,
            "isBuyerMaker": true,
            "isBestMatch": true
        },
        {
            "agg_trade_id": 595450127,
            "price": "616.38000000",
            "quantity": "0.03400000",
            "first_trade_id": 852010674,
            "last_trade_id": 852010674,
            "timestamp": 1732039806740,
            "isBuyerMaker": false,
            "isBestMatch": true
        },
        {
            "agg_trade_id": 595450128,
            "price": "616.38000000",
            "quantity": "0.66700000",
            "first_trade_id": 852010675,
            "last_trade_id": 852010676,
            "timestamp": 1732039807287,
            "isBuyerMaker": false,
            "isBestMatch": true
        },
        {
            "agg_trade_id": 595450129,
            "price": "616.38000000",
            "quantity": "0.05000000",
            "first_trade_id": 852010677,
            "last_trade_id": 852010677,
            "timestamp": 1732039807583,
            "isBuyerMaker": false,
            "isBestMatch": true
        },
        {
            "agg_trade_id": 595450130,
            "price": "616.38000000",
            "quantity": "0.59500000",
            "first_trade_id": 852010678,
            "last_trade_id": 852010678,
            "timestamp": 1732039807921,
            "isBuyerMaker": false,
            "isBestMatch": true
        },
        {
            "agg_trade_id": 595450131,
            "price": "616.38000000",
            "quantity": "5.00000000",
            "first_trade_id": 852010679,
            "last_trade_id": 852010679,
            "timestamp": 1732039808537,
            "isBuyerMaker": false,
            "isBestMatch": true
        },
        {
            "agg_trade_id": 595450132,
            "price": "616.37000000",
            "quantity": "0.99900000",
            "first_trade_id": 852010680,
            "last_trade_id": 852010680,
            "timestamp": 1732039808697,
            "isBuyerMaker": true,
            "isBestMatch": true
        },
        {
            "agg_trade_id": 595450133,
            "price": "616.37000000",
            "quantity": "0.04900000",
            "first_trade_id": 852010681,
            "last_trade_id": 852010681,
            "timestamp": 1732039808814,
            "isBuyerMaker": true,
            "isBestMatch": true
        },
        {
            "agg_trade_id": 595450134,
            "price": "616.38000000",
            "quantity": "0.08000000",
            "first_trade_id": 852010682,
            "last_trade_id": 852010682,
            "timestamp": 1732039808964,
            "isBuyerMaker": false,
            "isBestMatch": true
        },
        {
            "agg_trade_id": 595450135,
            "price": "616.38000000",
            "quantity": "2.24600000",
            "first_trade_id": 852010683,
            "last_trade_id": 852010687,
            "timestamp": 1732039810093,
            "isBuyerMaker": false,
            "isBestMatch": true
        },
        {
            "agg_trade_id": 595450136,
            "price": "616.40000000",
            "quantity": "1.03800000",
            "first_trade_id": 852010688,
            "last_trade_id": 852010689,
            "timestamp": 1732039810097,
            "isBuyerMaker": false,
            "isBestMatch": true
        },
        {
            "agg_trade_id": 595450137,
            "price": "616.41000000",
            "quantity": "0.16300000",
            "first_trade_id": 852010690,
            "last_trade_id": 852010693,
            "timestamp": 1732039810097,
            "isBuyerMaker": false,
            "isBestMatch": true
        },
        {
            "agg_trade_id": 595450138,
            "price": "616.41000000",
            "quantity": "0.04600000",
            "first_trade_id": 852010694,
            "last_trade_id": 852010694,
            "timestamp": 1732039810097,
            "isBuyerMaker": false,
            "isBestMatch": true
        },
        {
            "agg_trade_id": 595450139,
            "price": "616.40000000",
            "quantity": "0.08300000",
            "first_trade_id": 852010695,
            "last_trade_id": 852010695,
            "timestamp": 1732039810162,
            "isBuyerMaker": true,
            "isBestMatch": true
        },
        {
            "agg_trade_id": 595450140,
            "price": "616.40000000",
            "quantity": "3.20800000",
            "first_trade_id": 852010696,
            "last_trade_id": 852010697,
            "timestamp": 1732039810286,
            "isBuyerMaker": true,
            "isBestMatch": true
        },
        {
            "agg_trade_id": 595450141,
            "price": "616.41000000",
            "quantity": "0.50300000",
            "first_trade_id": 852010698,
            "last_trade_id": 852010698,
            "timestamp": 1732039810431,
            "isBuyerMaker": false,
            "isBestMatch": true
        },
        {
            "agg_trade_id": 595450142,
            "price": "616.41000000",
            "quantity": "0.65300000",
            "first_trade_id": 852010699,
            "last_trade_id": 852010699,
            "timestamp": 1732039810439,
            "isBuyerMaker": false,
            "isBestMatch": true
        },
        {
            "agg_trade_id": 595450143,
            "price": "616.41000000",
            "quantity": "2.80200000",
            "first_trade_id": 852010700,
            "last_trade_id": 852010700,
            "timestamp": 1732039810591,
            "isBuyerMaker": false,
            "isBestMatch": true
        },
        {
            "agg_trade_id": 595450144,
            "price": "616.41000000",
            "quantity": "2.98700000",
            "first_trade_id": 852010701,
            "last_trade_id": 852010701,
            "timestamp": 1732039810594,
            "isBuyerMaker": false,
            "isBestMatch": true
        },
        {
            "agg_trade_id": 595450145,
            "price": "616.43000000",
            "quantity": "0.15500000",
            "first_trade_id": 852010702,
            "last_trade_id": 852010703,
            "timestamp": 1732039810655,
            "isBuyerMaker": false,
            "isBestMatch": true
        },
        {
            "agg_trade_id": 595450146,
            "price": "616.44000000",
            "quantity": "0.93400000",
            "first_trade_id": 852010704,
            "last_trade_id": 852010706,
            "timestamp": 1732039810655,
            "isBuyerMaker": false,
            "isBestMatch": true
        },
        {
            "agg_trade_id": 595450147,
            "price": "616.44000000",
            "quantity": "0.05000000",
            "first_trade_id": 852010707,
            "last_trade_id": 852010707,
            "timestamp": 1732039810664,
            "isBuyerMaker": true,
            "isBestMatch": true
        },
        {
            "agg_trade_id": 595450148,
            "price": "616.44000000",
            "quantity": "0.01800000",
            "first_trade_id": 852010708,
            "last_trade_id": 852010708,
            "timestamp": 1732039811473,
            "isBuyerMaker": true,
            "isBestMatch": true
        },
        {
            "agg_trade_id": 595450149,
            "price": "616.44000000",
            "quantity": "0.01800000",
            "first_trade_id": 852010709,
            "last_trade_id": 852010709,
            "timestamp": 1732039811475,
            "isBuyerMaker": true,
            "isBestMatch": true
        },
        {
            "agg_trade_id": 595450150,
            "price": "616.45000000",
            "quantity": "1.93200000",
            "first_trade_id": 852010710,
            "last_trade_id": 852010710,
            "timestamp": 1732039812022,
            "isBuyerMaker": false,
            "isBestMatch": true
        },
        {
            "agg_trade_id": 595450151,
            "price": "616.46000000",
            "quantity": "0.02300000",
            "first_trade_id": 852010711,
            "last_trade_id": 852010711,
            "timestamp": 1732039812022,
            "isBuyerMaker": false,
            "isBestMatch": true
        },
        {
            "agg_trade_id": 595450152,
            "price": "616.47000000",
            "quantity": "0.19100000",
            "first_trade_id": 852010712,
            "last_trade_id": 852010715,
            "timestamp": 1732039812026,
            "isBuyerMaker": false,
            "isBestMatch": true
        },
        {
            "agg_trade_id": 595450153,
            "price": "616.48000000",
            "quantity": "0.01300000",
            "first_trade_id": 852010716,
            "last_trade_id": 852010716,
            "timestamp": 1732039812038,
            "isBuyerMaker": false,
            "isBestMatch": true
        },
        {
            "agg_trade_id": 595450154,
            "price": "616.49000000",
            "quantity": "0.07900000",
            "first_trade_id": 852010717,
            "last_trade_id": 852010717,
            "timestamp": 1732039812038,
            "isBuyerMaker": false,
            "isBestMatch": true
        },
        {
            "agg_trade_id": 595450155,
            "price": "616.50000000",
            "quantity": "0.71700000",
            "first_trade_id": 852010718,
            "last_trade_id": 852010718,
            "timestamp": 1732039812038,
            "isBuyerMaker": false,
            "isBestMatch": true
        },
        {
            "agg_trade_id": 595450156,
            "price": "616.50000000",
            "quantity": "0.01200000",
            "first_trade_id": 852010719,
            "last_trade_id": 852010719,
            "timestamp": 1732039812958,
            "isBuyerMaker": false,
            "isBestMatch": true
        },
        {
            "agg_trade_id": 595450157,
            "price": "616.50000000",
            "quantity": "0.01200000",
            "first_trade_id": 852010720,
            "last_trade_id": 852010720,
            "timestamp": 1732039812965,
            "isBuyerMaker": false,
            "isBestMatch": true
        },
        {
            "agg_trade_id": 595450158,
            "price": "616.49000000",
            "quantity": "0.02200000",
            "first_trade_id": 852010721,
            "last_trade_id": 852010721,
            "timestamp": 1732039814933,
            "isBuyerMaker": true,
            "isBestMatch": true
        },
        {
            "agg_trade_id": 595450159,
            "price": "616.50000000",
            "quantity": "0.02500000",
            "first_trade_id": 852010722,
            "last_trade_id": 852010722,
            "timestamp": 1732039815261,
            "isBuyerMaker": false,
            "isBestMatch": true
        },
        {
            "agg_trade_id": 595450160,
            "price": "616.49000000",
            "quantity": "4.64300000",
            "first_trade_id": 852010723,
            "last_trade_id": 852010726,
            "timestamp": 1732039815286,
            "isBuyerMaker": true,
            "isBestMatch": true
        },
        {
            "agg_trade_id": 595450161,
            "price": "616.50000000",
            "quantity": "0.01100000",
            "first_trade_id": 852010727,
            "last_trade_id": 852010727,
            "timestamp": 1732039816335,
            "isBuyerMaker": false,
            "isBestMatch": true
        },
        {
            "agg_trade_id": 595450162,
            "price": "616.50000000",
            "quantity": "0.32600000",
            "first_trade_id": 852010728,
            "last_trade_id": 852010728,
            "timestamp": 1732039816432,
            "isBuyerMaker": false,
            "isBestMatch": true
        },
        {
            "agg_trade_id": 595450163,
            "price": "616.49000000",
            "quantity": "1.00000000",
            "first_trade_id": 852010729,
            "last_trade_id": 852010729,
            "timestamp": 1732039817036,
            "isBuyerMaker": true,
            "isBestMatch": true
        },
        {
            "agg_trade_id": 595450164,
            "price": "616.49000000",
            "quantity": "0.01400000",
            "first_trade_id": 852010730,
            "last_trade_id": 852010730,
            "timestamp": 1732039817468,
            "isBuyerMaker": true,
            "isBestMatch": true
        },
        {
            "agg_trade_id": 595450165,
            "price": "616.49000000",
            "quantity": "0.07900000",
            "first_trade_id": 852010731,
            "last_trade_id": 852010731,
            "timestamp": 1732039817618,
            "isBuyerMaker": true,
            "isBestMatch": true
        },
        {
            "agg_trade_id": 595450166,
            "price": "616.49000000",
            "quantity": "2.39000000",
            "first_trade_id": 852010732,
            "last_trade_id": 852010732,
            "timestamp": 1732039817888,
            "isBuyerMaker": true,
            "isBestMatch": true
        },
        {
            "agg_trade_id": 595450167,
            "price": "616.50000000",
            "quantity": "0.05000000",
            "first_trade_id": 852010733,
            "last_trade_id": 852010733,
            "timestamp": 1732039818063,
            "isBuyerMaker": false,
            "isBestMatch": true
        },
        {
            "agg_trade_id": 595450168,
            "price": "616.49000000",
            "quantity": "0.13000000",
            "first_trade_id": 852010734,
            "last_trade_id": 852010734,
            "timestamp": 1732039818303,
            "isBuyerMaker": true,
            "isBestMatch": true
        },
        {
            "agg_trade_id": 595450169,
            "price": "616.50000000",
            "quantity": "0.16200000",
            "first_trade_id": 852010735,
            "last_trade_id": 852010735,
            "timestamp": 1732039818814,
            "isBuyerMaker": false,
            "isBestMatch": true
        },
        {
            "agg_trade_id": 595450170,
            "price": "616.49000000",
            "quantity": "3.72800000",
            "first_trade_id": 852010736,
            "last_trade_id": 852010742,
            "timestamp": 1732039819302,
            "isBuyerMaker": true,
            "isBestMatch": true
        },
        {
            "agg_trade_id": 595450171,
            "price": "616.50000000",
            "quantity": "0.04900000",
            "first_trade_id": 852010743,
            "last_trade_id": 852010743,
            "timestamp": 1732039819573,
            "isBuyerMaker": false,
            "isBestMatch": true
        },
        {
            "agg_trade_id": 595450172,
            "price": "616.50000000",
            "quantity": "0.68200000",
            "first_trade_id": 852010744,
            "last_trade_id": 852010744,
            "timestamp": 1732039820133,
            "isBuyerMaker": false,
            "isBestMatch": true
        },
        {
            "agg_trade_id": 595450173,
            "price": "616.50000000",
            "quantity": "0.02200000",
            "first_trade_id": 852010745,
            "last_trade_id": 852010745,
            "timestamp": 1732039820619,
            "isBuyerMaker": false,
            "isBestMatch": true
        },
        {
            "agg_trade_id": 595450174,
            "price": "616.50000000",
            "quantity": "0.33000000",
            "first_trade_id": 852010746,
            "last_trade_id": 852010746,
            "timestamp": 1732039820717,
            "isBuyerMaker": false,
            "isBestMatch": true
        },
        {
            "agg_trade_id": 595450175,
            "price": "616.50000000",
            "quantity": "0.02400000",
            "first_trade_id": 852010747,
            "last_trade_id": 852010747,
            "timestamp": 1732039820810,
            "isBuyerMaker": false,
            "isBestMatch": true
        },
        {
            "agg_trade_id": 595450176,
            "price": "616.50000000",
            "quantity": "0.02400000",
            "first_trade_id": 852010748,
            "last_trade_id": 852010748,
            "timestamp": 1732039820813,
            "isBuyerMaker": false,
            "isBestMatch": true
        },
        {
            "agg_trade_id": 595450177,
            "price": "616.49000000",
            "quantity": "0.39800000",
            "first_trade_id": 852010749,
            "last_trade_id": 852010749,
            "timestamp": 1732039821148,
            "isBuyerMaker": true,
            "isBestMatch": true
        },
        {
            "agg_trade_id": 595450178,
            "price": "616.50000000",
            "quantity": "0.00800000",
            "first_trade_id": 852010750,
            "last_trade_id": 852010750,
            "timestamp": 1732039822199,
            "isBuyerMaker": false,
            "isBestMatch": true
        },
        {
            "agg_trade_id": 595450179,
            "price": "616.50000000",
            "quantity": "0.63500000",
            "first_trade_id": 852010751,
            "last_trade_id": 852010751,
            "timestamp": 1732039822683,
            "isBuyerMaker": false,
            "isBestMatch": true
        },
        {
            "agg_trade_id": 595450180,
            "price": "616.50000000",
            "quantity": "0.00800000",
            "first_trade_id": 852010752,
            "last_trade_id": 852010752,
            "timestamp": 1732039823192,
            "isBuyerMaker": false,
            "isBestMatch": true
        },
        {
            "agg_trade_id": 595450181,
            "price": "616.49000000",
            "quantity": "0.43800000",
            "first_trade_id": 852010753,
            "last_trade_id": 852010763,
            "timestamp": 1732039823607,
            "isBuyerMaker": true,
            "isBestMatch": true
        },
        {
            "agg_trade_id": 595450182,
            "price": "616.48000000",
            "quantity": "0.01800000",
            "first_trade_id": 852010764,
            "last_trade_id": 852010765,
            "timestamp": 1732039823607,
            "isBuyerMaker": true,
            "isBestMatch": true
        },
        {
            "agg_trade_id": 595450183,
            "price": "616.45000000",
            "quantity": "0.01800000",
            "first_trade_id": 852010766,
            "last_trade_id": 852010767,
            "timestamp": 1732039823607,
            "isBuyerMaker": true,
            "isBestMatch": true
        },
        {
            "agg_trade_id": 595450184,
            "price": "616.43000000",
            "quantity": "0.01100000",
            "first_trade_id": 852010768,
            "last_trade_id": 852010768,
            "timestamp": 1732039824001,
            "isBuyerMaker": true,
            "isBestMatch": true
        },
        {
            "agg_trade_id": 595450185,
            "price": "616.43000000",
            "quantity": "0.01100000",
            "first_trade_id": 852010769,
            "last_trade_id": 852010770,
            "timestamp": 1732039824003,
            "isBuyerMaker": true,
            "isBestMatch": true
        },
        {
            "agg_trade_id": 595450186,
            "price": "616.43000000",
            "quantity": "0.01100000",
            "first_trade_id": 852010771,
            "last_trade_id": 852010771,
            "timestamp": 1732039824003,
            "isBuyerMaker": true,
            "isBestMatch": true
        },
        {
            "agg_trade_id": 595450187,
            "price": "616.43000000",
            "quantity": "0.01100000",
            "first_trade_id": 852010772,
            "last_trade_id": 852010772,
            "timestamp": 1732039824003,
            "isBuyerMaker": true,
            "isBestMatch": true
        },
        {
            "agg_trade_id": 595450188,
            "price": "616.43000000",
            "quantity": "0.01100000",
            "first_trade_id": 852010773,
            "last_trade_id": 852010773,
            "timestamp": 1732039824003,
            "isBuyerMaker": true,
            "isBestMatch": true
        },
        {
            "agg_trade_id": 595450189,
            "price": "616.43000000",
            "quantity": "0.01100000",
            "first_trade_id": 852010774,
            "last_trade_id": 852010774,
            "timestamp": 1732039824003,
            "isBuyerMaker": true,
            "isBestMatch": true
        },
        {
            "agg_trade_id": 595450190,
            "price": "616.43000000",
            "quantity": "0.00200000",
            "first_trade_id": 852010775,
            "last_trade_id": 852010775,
            "timestamp": 1732039824003,
            "isBuyerMaker": true,
            "isBestMatch": true
        },
        {
            "agg_trade_id": 595450191,
            "price": "616.42000000",
            "quantity": "0.00900000",
            "first_trade_id": 852010776,
            "last_trade_id": 852010776,
            "timestamp": 1732039824003,
            "isBuyerMaker": true,
            "isBestMatch": true
        },
        {
            "agg_trade_id": 595450192,
            "price": "616.42000000",
            "quantity": "0.01100000",
            "first_trade_id": 852010777,
            "last_trade_id": 852010777,
            "timestamp": 1732039824222,
            "isBuyerMaker": true,
            "isBestMatch": true
        },
        {
            "agg_trade_id": 595450193,
            "price": "616.42000000",
            "quantity": "0.01100000",
            "first_trade_id": 852010778,
            "last_trade_id": 852010779,
            "timestamp": 1732039824222,
            "isBuyerMaker": true,
            "isBestMatch": true
        },
        {
            "agg_trade_id": 595450194,
            "price": "616.42000000",
            "quantity": "0.00600000",
            "first_trade_id": 852010780,
            "last_trade_id": 852010780,
            "timestamp": 1732039824222,
            "isBuyerMaker": true,
            "isBestMatch": true
        },
        {
            "agg_trade_id": 595450195,
            "price": "616.41000000",
            "quantity": "0.00500000",
            "first_trade_id": 852010781,
            "last_trade_id": 852010781,
            "timestamp": 1732039824222,
            "isBuyerMaker": true,
            "isBestMatch": true
        },
        {
            "agg_trade_id": 595450196,
            "price": "616.42000000",
            "quantity": "0.02400000",
            "first_trade_id": 852010782,
            "last_trade_id": 852010782,
            "timestamp": 1732039824426,
            "isBuyerMaker": false,
            "isBestMatch": true
        },
        {
            "agg_trade_id": 595450197,
            "price": "616.41000000",
            "quantity": "0.11900000",
            "first_trade_id": 852010783,
            "last_trade_id": 852010785,
            "timestamp": 1732039824707,
            "isBuyerMaker": true,
            "isBestMatch": true
        },
        {
            "agg_trade_id": 595450198,
            "price": "616.40000000",
            "quantity": "0.03300000",
            "first_trade_id": 852010786,
            "last_trade_id": 852010788,
            "timestamp": 1732039824772,
            "isBuyerMaker": true,
            "isBestMatch": true
        },
        {
            "agg_trade_id": 595450199,
            "price": "616.39000000",
            "quantity": "1.03000000",
            "first_trade_id": 852010789,
            "last_trade_id": 852010792,
            "timestamp": 1732039824772,
            "isBuyerMaker": true,
            "isBestMatch": true
        },
        {
            "agg_trade_id": 595450200,
            "price": "616.37000000",
            "quantity": "0.01100000",
            "first_trade_id": 852010793,
            "last_trade_id": 852010793,
            "timestamp": 1732039824777,
            "isBuyerMaker": true,
            "isBestMatch": true
        },
        {
            "agg_trade_id": 595450201,
            "price": "616.38000000",
            "quantity": "0.63100000",
            "first_trade_id": 852010794,
            "last_trade_id": 852010794,
            "timestamp": 1732039825087,
            "isBuyerMaker": false,
            "isBestMatch": true
        },
        {
            "agg_trade_id": 595450202,
            "price": "616.37000000",
            "quantity": "3.96100000",
            "first_trade_id": 852010795,
            "last_trade_id": 852010797,
            "timestamp": 1732039825285,
            "isBuyerMaker": true,
            "isBestMatch": true
        },
        {
            "agg_trade_id": 595450203,
            "price": "616.38000000",
            "quantity": "0.64000000",
            "first_trade_id": 852010798,
            "last_trade_id": 852010798,
            "timestamp": 1732039825326,
            "isBuyerMaker": false,
            "isBestMatch": true
        },
        {
            "agg_trade_id": 595450204,
            "price": "616.41000000",
            "quantity": "0.04800000",
            "first_trade_id": 852010799,
            "last_trade_id": 852010799,
            "timestamp": 1732039826932,
            "isBuyerMaker": false,
            "isBestMatch": true
        },
        {
            "agg_trade_id": 595450205,
            "price": "616.40000000",
            "quantity": "4.36500000",
            "first_trade_id": 852010800,
            "last_trade_id": 852010801,
            "timestamp": 1732039829288,
            "isBuyerMaker": true,
            "isBestMatch": true
        },
        {
            "agg_trade_id": 595450206,
            "price": "616.41000000",
            "quantity": "0.01500000",
            "first_trade_id": 852010802,
            "last_trade_id": 852010802,
            "timestamp": 1732039829736,
            "isBuyerMaker": false,
            "isBestMatch": true
        },
        {
            "agg_trade_id": 595450207,
            "price": "616.41000000",
            "quantity": "0.12400000",
            "first_trade_id": 852010803,
            "last_trade_id": 852010803,
            "timestamp": 1732039830225,
            "isBuyerMaker": false,
            "isBestMatch": true
        },
        {
            "agg_trade_id": 595450208,
            "price": "616.40000000",
            "quantity": "0.13100000",
            "first_trade_id": 852010804,
            "last_trade_id": 852010804,
            "timestamp": 1732039830328,
            "isBuyerMaker": true,
            "isBestMatch": true
        },
        {
            "agg_trade_id": 595450209,
            "price": "616.40000000",
            "quantity": "11.72300000",
            "first_trade_id": 852010805,
            "last_trade_id": 852010806,
            "timestamp": 1732039830366,
            "isBuyerMaker": true,
            "isBestMatch": true
        },
        {
            "agg_trade_id": 595450210,
            "price": "616.41000000",
            "quantity": "0.16200000",
            "first_trade_id": 852010807,
            "last_trade_id": 852010807,
            "timestamp": 1732039831159,
            "isBuyerMaker": false,
            "isBestMatch": true
        },
        {
            "agg_trade_id": 595450211,
            "price": "616.41000000",
            "quantity": "0.35400000",
            "first_trade_id": 852010808,
            "last_trade_id": 852010808,
            "timestamp": 1732039831347,
            "isBuyerMaker": false,
            "isBestMatch": true
        },
        {
            "agg_trade_id": 595450212,
            "price": "616.40000000",
            "quantity": "0.01300000",
            "first_trade_id": 852010809,
            "last_trade_id": 852010809,
            "timestamp": 1732039832185,
            "isBuyerMaker": true,
            "isBestMatch": true
        },
        {
            "agg_trade_id": 595450213,
            "price": "616.40000000",
            "quantity": "0.37100000",
            "first_trade_id": 852010810,
            "last_trade_id": 852010816,
            "timestamp": 1732039832293,
            "isBuyerMaker": true,
            "isBestMatch": true
        },
        {
            "agg_trade_id": 595450214,
            "price": "616.39000000",
            "quantity": "0.01800000",
            "first_trade_id": 852010817,
            "last_trade_id": 852010818,
            "timestamp": 1732039832293,
            "isBuyerMaker": true,
            "isBestMatch": true
        },
        {
            "agg_trade_id": 595450215,
            "price": "616.38000000",
            "quantity": "0.42100000",
            "first_trade_id": 852010819,
            "last_trade_id": 852010819,
            "timestamp": 1732039832293,
            "isBuyerMaker": true,
            "isBestMatch": true
        },
        {
            "agg_trade_id": 595450216,
            "price": "616.39000000",
            "quantity": "0.50000000",
            "first_trade_id": 852010820,
            "last_trade_id": 852010820,
            "timestamp": 1732039832631,
            "isBuyerMaker": false,
            "isBestMatch": true
        },
        {
            "agg_trade_id": 595450217,
            "price": "616.38000000",
            "quantity": "0.01700000",
            "first_trade_id": 852010821,
            "last_trade_id": 852010821,
            "timestamp": 1732039832922,
            "isBuyerMaker": true,
            "isBestMatch": true
        },
        {
            "agg_trade_id": 595450218,
            "price": "616.39000000",
            "quantity": "0.16200000",
            "first_trade_id": 852010822,
            "last_trade_id": 852010823,
            "timestamp": 1732039833865,
            "isBuyerMaker": false,
            "isBestMatch": true
        },
        {
            "agg_trade_id": 595450219,
            "price": "616.38000000",
            "quantity": "0.33600000",
            "first_trade_id": 852010824,
            "last_trade_id": 852010824,
            "timestamp": 1732039834588,
            "isBuyerMaker": true,
            "isBestMatch": true
        },
        {
            "agg_trade_id": 595450220,
            "price": "616.41000000",
            "quantity": "0.01100000",
            "first_trade_id": 852010825,
            "last_trade_id": 852010825,
            "timestamp": 1732039834743,
            "isBuyerMaker": false,
            "isBestMatch": true
        },
        {
            "agg_trade_id": 595450221,
            "price": "616.41000000",
            "quantity": "1.39500000",
            "first_trade_id": 852010826,
            "last_trade_id": 852010829,
            "timestamp": 1732039834907,
            "isBuyerMaker": false,
            "isBestMatch": true
        },
        {
            "agg_trade_id": 595450222,
            "price": "616.41000000",
            "quantity": "5.30800000",
            "first_trade_id": 852010830,
            "last_trade_id": 852010834,
            "timestamp": 1732039834944,
            "isBuyerMaker": true,
            "isBestMatch": true
        },
        {
            "agg_trade_id": 595450223,
            "price": "616.41000000",
            "quantity": "10.82400000",
            "first_trade_id": 852010835,
            "last_trade_id": 852010836,
            "timestamp": 1732039834946,
            "isBuyerMaker": true,
            "isBestMatch": true
        },
        {
            "agg_trade_id": 595450224,
            "price": "616.41000000",
            "quantity": "0.53600000",
            "first_trade_id": 852010837,
            "last_trade_id": 852010839,
            "timestamp": 1732039834948,
            "isBuyerMaker": true,
            "isBestMatch": true
        },
        {
            "agg_trade_id": 595450225,
            "price": "616.41000000",
            "quantity": "0.04100000",
            "first_trade_id": 852010840,
            "last_trade_id": 852010840,
            "timestamp": 1732039835122,
            "isBuyerMaker": false,
            "isBestMatch": true
        },
        {
            "agg_trade_id": 595450226,
            "price": "616.40000000",
            "quantity": "2.94300000",
            "first_trade_id": 852010841,
            "last_trade_id": 852010841,
            "timestamp": 1732039835286,
            "isBuyerMaker": true,
            "isBestMatch": true
        },
        {
            "agg_trade_id": 595450227,
            "price": "616.41000000",
            "quantity": "0.20600000",
            "first_trade_id": 852010842,
            "last_trade_id": 852010842,
            "timestamp": 1732039835485,
            "isBuyerMaker": false,
            "isBestMatch": true
        },
        {
            "agg_trade_id": 595450228,
            "price": "616.41000000",
            "quantity": "0.08600000",
            "first_trade_id": 852010843,
            "last_trade_id": 852010843,
            "timestamp": 1732039835985,
            "isBuyerMaker": false,
            "isBestMatch": true
        },
        {
            "agg_trade_id": 595450229,
            "price": "616.41000000",
            "quantity": "0.06300000",
            "first_trade_id": 852010844,
            "last_trade_id": 852010844,
            "timestamp": 1732039836015,
            "isBuyerMaker": false,
