{
    "data": [
        {
            "agg_trade_id": 3260227447,
            "price": "93193.05000000",
            "quantity": "0.00025000",
            "first_trade_id": 4107172865,
            "last_trade_id": 4107172865,
            "timestamp": 1732039944502,
            "isBuyerMaker": true,
            "isBestMatch": true
        },
        {
            "agg_trade_id": 3260227448,
            "price": "93193.05000000",
            "quantity": "0.00025000",
            "first_trade_id": 4107172866,
            "last_trade_id": 4107172866,
            "timestamp": 1732039944502,
            "isBuyerMaker": true,
            "isBestMatch": true
        },
        {
            "agg_trade_id": 3260227449,
            "price": "93193.05000000",
            "quantity": "0.00025000",
            "first_trade_id": 4107172867,
            "last_trade_id": 4107172867,
            "timestamp": 1732039944502,
            "isBuyerMaker": true,
            "isBestMatch": true
        },
        {
            "agg_trade_id": 3260227450,
            "price": "93193.05000000",
            "quantity": "0.00025000",
            "first_trade_id": 4107172868,
            "last_trade_id": 4107172868,
            "timestamp": 1732039944502,
            "isBuyerMaker": true,
            "isBestMatch": true
        },
        {
            "agg_trade_id": 3260227451,
            "price": "93193.05000000",
            "quantity": "0.00025000",
            "first_trade_id": 4107172869,
            "last_trade_id": 4107172869,
            "timestamp": 1732039944502,
            "isBuyerMaker": true,
            "isBestMatch": true
        },
        {
            "agg_trade_id": 3260227452,
            "price": "93193.05000000",
            "quantity": "0.00025000",
            "first_trade_id": 4107172870,
            "last_trade_id": 4107172870,
            "timestamp": 1732039944502,
            "isBuyerMaker": true,
            "isBestMatch": true
        },
        {
            "agg_trade_id": 3260227453,
            "price": "93193.05000000",
            "quantity": "0.00023000",
            "first_trade_id": 4107172871,
            "last_trade_id": 4107172871,
            "timestamp": 1732039944502,
            "isBuyerMaker": true,
            "isBestMatch": true
        },
        {
            "agg_trade_id": 3260227454,
            "price": "93192.82000000",
            "quantity": "0.00002000",
            "first_trade_id": 4107172872,
            "last_trade_id": 4107172872,
            "timestamp": 1732039944502,
            "isBuyerMaker": true,
            "isBestMatch": true
        },
        {
            "agg_trade_id": 3260227455,
            "price": "93192.82000000",
            "quantity": "0.00025000",
            "first_trade_id": 4107172873,
            "last_trade_id": 4107172873,
            "timestamp": 1732039944506,
            "isBuyerMaker": true,
            "isBestMatch": true
        },
        {
            "agg_trade_id": 3260227456,
            "price": "93192.82000000",
            "quantity": "0.00025000",
            "first_trade_id": 4107172874,
            "last_trade_id": 4107172874,
            "timestamp": 1732039944506,
            "isBuyerMaker": true,
            "isBestMatch": true
        },
        {
            "agg_trade_id": 3260227457,
            "price": "93192.82000000",
            "quantity": "0.00025000",
            "first_trade_id": 4107172875,
            "last_trade_id": 4107172875,
            "timestamp": 1732039944506,
            "isBuyerMaker": true,
            "isBestMatch": true
        },
        {
            "agg_trade_id": 3260227458,
            "price": "93192.82000000",
            "quantity": "0.00025000",
            "first_trade_id": 4107172876,
            "last_trade_id": 4107172876,
            "timestamp": 1732039944506,
            "isBuyerMaker": true,
            "isBestMatch": true
        },
        {
            "agg_trade_id": 3260227459,
            "price": "93192.82000000",
            "quantity": "0.00025000",
            "first_trade_id": 4107172877,
            "last_trade_id": 4107172877,
            "timestamp": 1732039944506,
            "isBuyerMaker": true,
            "isBestMatch": true
        },
        {
            "agg_trade_id": 3260227460,
            "price": "93192.82000000",
            "quantity": "0.00025000",
            "first_trade_id": 4107172878,
            "last_trade_id": 4107172878,
            "timestamp": 1732039944506,
            "isBuyerMaker": true,
            "isBestMatch": true
        },
        {
            "agg_trade_id": 3260227461,
            "price": "93192.82000000",
            "quantity": "0.00025000",
            "first_trade_id": 4107172879,
            "last_trade_id": 4107172879,
            "timestamp": 1732039944506,
            "isBuyerMaker": true,
            "isBestMatch": true
        },
        {
            "agg_trade_id": 3260227462,
            "price": "93192.82000000",
            "quantity": "0.00022000",
            "first_trade_id": 4107172880,
            "last_trade_id": 4107172880,
            "timestamp": 1732039944506,
            "isBuyerMaker": true,
            "isBestMatch": true
        },
        {
            "agg_trade_id": 3260227463,
            "price": "93192.17000000",
            "quantity": "0.00003000",
            "first_trade_id": 4107172881,
            "last_trade_id": 4107172881,
            "timestamp": 1732039944506,
            "isBuyerMaker": true,
            "isBestMatch": true
        },
        {
            "agg_trade_id": 3260227464,
            "price": "93192.18000000",
            "quantity": "0.02051000",
            "first_trade_id": 4107172882,
            "last_trade_id": 4107172882,
            "timestamp": 1732039944601,
            "isBuyerMaker": false,
            "isBestMatch": true
        },
        {
            "agg_trade_id": 3260227465,
            "price": "93192.17000000",
            "quantity": "0.00015000",
            "first_trade_id": 4107172883,
            "last_trade_id": 4107172883,
            "timestamp": 1732039944608,
            "isBuyerMaker": true,
            "isBestMatch": true
        },
        {
            "agg_trade_id": 3260227466,
            "price": "93192.17000000",
            "quantity": "0.00029000",
            "first_trade_id": 4107172884,
            "last_trade_id": 4107172884,
            "timestamp": 1732039944673,
            "isBuyerMaker": true,
            "isBestMatch": true
        },
        {
            "agg_trade_id": 3260227467,
            "price": "93192.18000000",
            "quantity": "0.01188000",
            "first_trade_id": 4107172885,
            "last_trade_id": 4107172885,
            "timestamp": 1732039944748,
            "isBuyerMaker": false,
            "isBestMatch": true
        },
        {
            "agg_trade_id": 3260227468,
            "price": "93192.17000000",
            "quantity": "0.00971000",
            "first_trade_id": 4107172886,
            "last_trade_id": 4107172886,
            "timestamp": 1732039944777,
            "isBuyerMaker": true,
            "isBestMatch": true
        },
        {
            "agg_trade_id": 3260227469,
            "price": "93192.01000000",
            "quantity": "0.00204000",
            "first_trade_id": 4107172887,
            "last_trade_id": 4107172919,
            "timestamp": 1732039944777,
            "isBuyerMaker": true,
            "isBestMatch": true
        },
        {
            "agg_trade_id": 3260227470,
            "price": "93191.76000000",
            "quantity": "0.01071000",
            "first_trade_id": 4107172920,
            "last_trade_id": 4107172920,
            "timestamp": 1732039944777,
            "isBuyerMaker": true,
            "isBestMatch": true
        },
        {
            "agg_trade_id": 3260227471,
            "price": "93191.02000000",
            "quantity": "0.00060000",
            "first_trade_id": 4107172921,
            "last_trade_id": 4107172930,
            "timestamp": 1732039944777,
            "isBuyerMaker": true,
            "isBestMatch": true
        },
        {
            "agg_trade_id": 3260227472,
            "price": "93191.01000000",
            "quantity": "0.03660000",
            "first_trade_id": 4107172931,
            "last_trade_id": 4107172931,
            "timestamp": 1732039944777,
            "isBuyerMaker": true,
            "isBestMatch": true
        },
        {
            "agg_trade_id": 3260227473,
            "price": "93191.01000000",
            "quantity": "0.00204000",
            "first_trade_id": 4107172932,
            "last_trade_id": 4107172932,
            "timestamp": 1732039944780,
            "isBuyerMaker": true,
            "isBestMatch": true
        },
        {
            "agg_trade_id": 3260227474,
            "price": "93190.97000000",
            "quantity": "0.00016000",
            "first_trade_id": 4107172933,
            "last_trade_id": 4107172933,
            "timestamp": 1732039944780,
            "isBuyerMaker": true,
            "isBestMatch": true
        },
        {
            "agg_trade_id": 3260227475,
            "price": "93190.68000000",
            "quantity": "0.00012000",
            "first_trade_id": 4107172934,
            "last_trade_id": 4107172934,
            "timestamp": 1732039944780,
            "isBuyerMaker": true,
            "isBestMatch": true
        },
        {
            "agg_trade_id": 3260227476,
            "price": "93189.98000000",
            "quantity": "0.00034000",
            "first_trade_id": 4107172935,
            "last_trade_id": 4107172940,
            "timestamp": 1732039944780,
            "isBuyerMaker": true,
            "isBestMatch": true
        },
        {
            "agg_trade_id": 3260227477,
            "price": "93189.98000000",
            "quantity": "0.00026000",
            "first_trade_id": 4107172941,
            "last_trade_id": 4107172945,
            "timestamp": 1732039944780,
            "isBuyerMaker": true,
            "isBestMatch": true
        },
        {
            "agg_trade_id": 3260227478,
            "price": "93189.97000000",
            "quantity": "0.00240000",
            "first_trade_id": 4107172946,
            "last_trade_id": 4107172946,
            "timestamp": 1732039944780,
            "isBuyerMaker": true,
            "isBestMatch": true
        },
        {
            "agg_trade_id": 3260227479,
            "price": "93189.97000000",
            "quantity": "0.00025000",
            "first_trade_id": 4107172947,
            "last_trade_id": 4107172947,
            "timestamp": 1732039944781,
            "isBuyerMaker": true,
            "isBestMatch": true
        },
        {
            "agg_trade_id": 3260227480,
            "price": "93189.98000000",
            "quantity": "0.00412000",
            "first_trade_id": 4107172948,
            "last_trade_id": 4107172948,
            "timestamp": 1732039944826,
            "isBuyerMaker": false,
            "isBestMatch": true
        },
        {
            "agg_trade_id": 3260227481,
            "price": "93189.97000000",
            "quantity": "0.06422000",
            "first_trade_id": 4107172949,
            "last_trade_id": 4107172949,
            "timestamp": 1732039944993,
            "isBuyerMaker": true,
            "isBestMatch": true
        },
        {
            "agg_trade_id": 3260227482,
            "price": "93189.97000000",
            "quantity": "0.00013000",
            "first_trade_id": 4107172950,
            "last_trade_id": 4107172950,
            "timestamp": 1732039945223,
            "isBuyerMaker": true,
            "isBestMatch": true
        },
        {
            "agg_trade_id": 3260227483,
            "price": "93189.97000000",
            "quantity": "0.18360000",
            "first_trade_id": 4107172951,
            "last_trade_id": 4107172957,
            "timestamp": 1732039945605,
            "isBuyerMaker": true,
            "isBestMatch": true
        },
        {
            "agg_trade_id": 3260227484,
            "price": "93188.26000000",
            "quantity": "0.00006000",
            "first_trade_id": 4107172958,
            "last_trade_id": 4107172958,
            "timestamp": 1732039945605,
            "isBuyerMaker": true,
            "isBestMatch": true
        },
        {
            "agg_trade_id": 3260227485,
            "price": "93186.51000000",
            "quantity": "0.00060000",
            "first_trade_id": 4107172959,
            "last_trade_id": 4107172968,
            "timestamp": 1732039945605,
            "isBuyerMaker": true,
            "isBestMatch": true
        },
        {
            "agg_trade_id": 3260227486,
            "price": "93186.50000000",
            "quantity": "0.00199000",
            "first_trade_id": 4107172969,
            "last_trade_id": 4107172969,
            "timestamp": 1732039945605,
            "isBuyerMaker": true,
            "isBestMatch": true
        },
        {
            "agg_trade_id": 3260227487,
            "price": "93185.34000000",
            "quantity": "0.00060000",
            "first_trade_id": 4107172970,
            "last_trade_id": 4107172979,
            "timestamp": 1732039945605,
            "isBuyerMaker": true,
            "isBestMatch": true
        },
        {
            "agg_trade_id": 3260227488,
            "price": "93185.33000000",
            "quantity": "0.15530000",
            "first_trade_id": 4107172980,
            "last_trade_id": 4107172983,
            "timestamp": 1732039945605,
            "isBuyerMaker": true,
            "isBestMatch": true
        },
        {
            "agg_trade_id": 3260227489,
            "price": "93185.33000000",
            "quantity": "0.00932000",
            "first_trade_id": 4107172984,
            "last_trade_id": 4107173020,
            "timestamp": 1732039945615,
            "isBuyerMaker": true,
            "isBestMatch": true
        },
        {
            "agg_trade_id": 3260227490,
            "price": "93185.10000000",
            "quantity": "0.00025000",
            "first_trade_id": 4107173021,
            "last_trade_id": 4107173024,
            "timestamp": 1732039945618,
            "isBuyerMaker": true,
            "isBestMatch": true
        },
        {
            "agg_trade_id": 3260227491,
            "price": "93185.10000000",
            "quantity": "0.00108000",
            "first_trade_id": 4107173025,
            "last_trade_id": 4107173042,
            "timestamp": 1732039945618,
            "isBuyerMaker": true,
            "isBestMatch": true
        },
        {
            "agg_trade_id": 3260227492,
            "price": "93185.09000000",
            "quantity": "0.00158000",
            "first_trade_id": 4107173043,
            "last_trade_id": 4107173043,
            "timestamp": 1732039945618,
            "isBuyerMaker": true,
            "isBestMatch": true
        },
        {
            "agg_trade_id": 3260227493,
            "price": "93185.09000000",
            "quantity": "0.00025000",
            "first_trade_id": 4107173044,
            "last_trade_id": 4107173044,
            "timestamp": 1732039945618,
            "isBuyerMaker": true,
            "isBestMatch": true
        },
        {
            "agg_trade_id": 3260227494,
            "price": "93184.01000000",
            "quantity": "0.00120000",
            "first_trade_id": 4107173045,
            "last_trade_id": 4107173064,
            "timestamp": 1732039945621,
            "isBuyerMaker": true,
            "isBestMatch": true
        },
        {
            "agg_trade_id": 3260227495,
            "price": "93184.00000000",
            "quantity": "0.00146000",
            "first_trade_id": 4107173065,
            "last_trade_id": 4107173065,
            "timestamp": 1732039945621,
            "isBuyerMaker": true,
            "isBestMatch": true
        },
        {
            "agg_trade_id": 3260227496,
            "price": "93184.00000000",
            "quantity": "0.00025000",
            "first_trade_id": 4107173066,
            "last_trade_id": 4107173066,
            "timestamp": 1732039945621,
            "isBuyerMaker": true,
            "isBestMatch": true
        },
        {
            "agg_trade_id": 3260227497,
            "price": "93184.00000000",
            "quantity": "0.06459000",
            "first_trade_id": 4107173067,
            "last_trade_id": 4107173068,
            "timestamp": 1732039945648,
            "isBuyerMaker": true,
            "isBestMatch": true
        },
        {
            "agg_trade_id": 3260227498,
            "price": "93183.42000000",
            "quantity": "0.00060000",
            "first_trade_id": 4107173069,
            "last_trade_id": 4107173078,
            "timestamp": 1732039945648,
            "isBuyerMaker": true,
            "isBestMatch": true
        },
        {
            "agg_trade_id": 3260227499,
            "price": "93182.31000000",
            "quantity": "0.00025000",
            "first_trade_id": 4107173079,
            "last_trade_id": 4107173079,
            "timestamp": 1732039945652,
            "isBuyerMaker": true,
            "isBestMatch": true
        },
        {
            "agg_trade_id": 3260227500,
            "price": "93182.31000000",
            "quantity": "0.00025000",
            "first_trade_id": 4107173080,
            "last_trade_id": 4107173080,
            "timestamp": 1732039945658,
            "isBuyerMaker": true,
            "isBestMatch": true
        },
        {
            "agg_trade_id": 3260227501,
            "price": "93182.31000000",
            "quantity": "0.00025000",
            "first_trade_id": 4107173081,
            "last_trade_id": 4107173081,
            "timestamp": 1732039945658,
            "isBuyerMaker": true,
            "isBestMatch": true
        },
        {
            "agg_trade_id": 3260227502,
            "price": "93182.31000000",
            "quantity": "0.00025000",
            "first_trade_id": 4107173082,
            "last_trade_id": 4107173082,
            "timestamp": 1732039945658,
            "isBuyerMaker": true,
            "isBestMatch": true
        },
        {
            "agg_trade_id": 3260227503,
            "price": "93182.31000000",
            "quantity": "0.00025000",
            "first_trade_id": 4107173083,
            "last_trade_id": 4107173083,
            "timestamp": 1732039945658,
            "isBuyerMaker": true,
            "isBestMatch": true
        },
        {
            "agg_trade_id": 3260227504,
            "price": "93182.31000000",
            "quantity": "0.00025000",
            "first_trade_id": 4107173084,
            "last_trade_id": 4107173084,
            "timestamp": 1732039945658,
            "isBuyerMaker": true,
            "isBestMatch": true
        },
        {
            "agg_trade_id": 3260227505,
            "price": "93182.31000000",
            "quantity": "0.00025000",
            "first_trade_id": 4107173085,
            "last_trade_id": 4107173085,
            "timestamp": 1732039945658,
            "isBuyerMaker": true,
            "isBestMatch": true
        },
        {
            "agg_trade_id": 3260227506,
            "price": "93182.31000000",
            "quantity": "0.00025000",
            "first_trade_id": 4107173086,
            "last_trade_id": 4107173086,
            "timestamp": 1732039945658,
            "isBuyerMaker": true,
            "isBestMatch": true
        },
        {
            "agg_trade_id": 3260227507,
            "price": "93182.31000000",
            "quantity": "0.00025000",
            "first_trade_id": 4107173087,
            "last_trade_id": 4107173087,
            "timestamp": 1732039945658,
            "isBuyerMaker": true,
            "isBestMatch": true
        },
        {
            "agg_trade_id": 3260227508,
            "price": "93182.31000000",
            "quantity": "0.00025000",
            "first_trade_id": 4107173088,
            "last_trade_id": 4107173088,
            "timestamp": 1732039945658,
            "isBuyerMaker": true,
            "isBestMatch": true
        },
        {
            "agg_trade_id": 3260227509,
            "price": "93182.31000000",
            "quantity": "0.00025000",
            "first_trade_id": 4107173089,
            "last_trade_id": 4107173089,
            "timestamp": 1732039945658,
            "isBuyerMaker": true,
            "isBestMatch": true
        },
        {
            "agg_trade_id": 3260227510,
            "price": "93182.31000000",
            "quantity": "0.00025000",
            "first_trade_id": 4107173090,
            "last_trade_id": 4107173090,
            "timestamp": 1732039945658,
            "isBuyerMaker": true,
            "isBestMatch": true
        },
        {
            "agg_trade_id": 3260227511,
            "price": "93182.31000000",
            "quantity": "0.00025000",
            "first_trade_id": 4107173091,
            "last_trade_id": 4107173091,
            "timestamp": 1732039945659,
            "isBuyerMaker": true,
            "isBestMatch": true
        },
        {
            "agg_trade_id": 3260227512,
            "price": "93182.31000000",
            "quantity": "0.00025000",
            "first_trade_id": 4107173092,
            "last_trade_id": 4107173092,
            "timestamp": 1732039945659,
            "isBuyerMaker": true,
            "isBestMatch": true
        },
        {
            "agg_trade_id": 3260227513,
            "price": "93182.31000000",
            "quantity": "0.00025000",
            "first_trade_id": 4107173093,
            "last_trade_id": 4107173093,
            "timestamp": 1732039945659,
            "isBuyerMaker": true,
            "isBestMatch": true
        },
        {
            "agg_trade_id": 3260227514,
            "price": "93182.31000000",
            "quantity": "0.00025000",
            "first_trade_id": 4107173094,
            "last_trade_id": 4107173094,
            "timestamp": 1732039945659,
            "isBuyerMaker": true,
            "isBestMatch": true
        },
        {
            "agg_trade_id": 3260227515,
            "price": "93182.31000000",
            "quantity": "0.00025000",
            "first_trade_id": 4107173095,
            "last_trade_id": 4107173096,
            "timestamp": 1732039945659,
            "isBuyerMaker": true,
            "isBestMatch": true
        },
        {
            "agg_trade_id": 3260227516,
            "price": "93182.31000000",
            "quantity": "0.00025000",
            "first_trade_id": 4107173097,
            "last_trade_id": 4107173097,
            "timestamp": 1732039945659,
            "isBuyerMaker": true,
            "isBestMatch": true
        },
        {
            "agg_trade_id": 3260227517,
            "price": "93182.31000000",
            "quantity": "0.00025000",
            "first_trade_id": 4107173098,
            "last_trade_id": 4107173098,
            "timestamp": 1732039945659,
            "isBuyerMaker": true,
            "isBestMatch": true
        },
        {
            "agg_trade_id": 3260227518,
            "price": "93182.31000000",
            "quantity": "0.00025000",
            "first_trade_id": 4107173099,
            "last_trade_id": 4107173099,
            "timestamp": 1732039945659,
            "isBuyerMaker": true,
            "isBestMatch": true
        },
        {
            "agg_trade_id": 3260227519,
            "price": "93182.31000000",
            "quantity": "0.00025000",
            "first_trade_id": 4107173100,
            "last_trade_id": 4107173100,
            "timestamp": 1732039945659,
            "isBuyerMaker": true,
            "isBestMatch": true
        },
        {
            "agg_trade_id": 3260227520,
            "price": "93182.31000000",
            "quantity": "0.00025000",
            "first_trade_id": 4107173101,
            "last_trade_id": 4107173101,
            "timestamp": 1732039945659,
            "isBuyerMaker": true,
            "isBestMatch": true
        },
        {
            "agg_trade_id": 3260227521,
            "price": "93182.31000000",
            "quantity": "0.00025000",
            "first_trade_id": 4107173102,
            "last_trade_id": 4107173102,
            "timestamp": 1732039945659,
            "isBuyerMaker": true,
            "isBestMatch": true
        },
        {
            "agg_trade_id": 3260227522,
            "price": "93182.31000000",
            "quantity": "0.00025000",
            "first_trade_id": 4107173103,
            "last_trade_id": 4107173103,
            "timestamp": 1732039945659,
            "isBuyerMaker": true,
            "isBestMatch": true
        },
        {
            "agg_trade_id": 3260227523,
            "price": "93182.31000000",
            "quantity": "0.00025000",
            "first_trade_id": 4107173104,
            "last_trade_id": 4107173104,
            "timestamp": 1732039945659,
            "isBuyerMaker": true,
            "isBestMatch": true
        },
        {
            "agg_trade_id": 3260227524,
            "price": "93182.31000000",
            "quantity": "0.00060000",
            "first_trade_id": 4107173105,
            "last_trade_id": 4107173105,
            "timestamp": 1732039945759,
            "isBuyerMaker": true,
            "isBestMatch": true
        },
        {
            "agg_trade_id": 3260227525,
            "price": "93182.31000000",
            "quantity": "0.01188000",
            "first_trade_id": 4107173106,
            "last_trade_id": 4107173106,
            "timestamp": 1732039945793,
            "isBuyerMaker": true,
            "isBestMatch": true
        },
        {
            "agg_trade_id": 3260227526,
            "price": "93182.31000000",
            "quantity": "0.00016000",
            "first_trade_id": 4107173107,
            "last_trade_id": 4107173107,
            "timestamp": 1732039945812,
            "isBuyerMaker": true,
            "isBestMatch": true
        },
        {
            "agg_trade_id": 3260227527,
            "price": "93182.31000000",
            "quantity": "0.00136000",
            "first_trade_id": 4107173108,
            "last_trade_id": 4107173108,
            "timestamp": 1732039946189,
            "isBuyerMaker": true,
            "isBestMatch": true
        },
        {
            "agg_trade_id": 3260227528,
            "price": "93182.32000000",
            "quantity": "0.00069000",
            "first_trade_id": 4107173109,
            "last_trade_id": 4107173109,
            "timestamp": 1732039946341,
            "isBuyerMaker": false,
            "isBestMatch": true
        },
        {
            "agg_trade_id": 3260227529,
            "price": "93182.32000000",
            "quantity": "0.00067000",
            "first_trade_id": 4107173110,
            "last_trade_id": 4107173110,
            "timestamp": 1732039946370,
            "isBuyerMaker": false,
            "isBestMatch": true
        },
        {
            "agg_trade_id": 3260227530,
            "price": "93182.32000000",
            "quantity": "0.00265000",
            "first_trade_id": 4107173111,
            "last_trade_id": 4107173111,
            "timestamp": 1732039946390,
            "isBuyerMaker": false,
            "isBestMatch": true
        },
        {
            "agg_trade_id": 3260227531,
            "price": "93182.32000000",
            "quantity": "0.00054000",
            "first_trade_id": 4107173112,
            "last_trade_id": 4107173112,
            "timestamp": 1732039946394,
            "isBuyerMaker": false,
            "isBestMatch": true
        },
        {
            "agg_trade_id": 3260227532,
            "price": "93182.31000000",
            "quantity": "0.01593000",
            "first_trade_id": 4107173113,
            "last_trade_id": 4107173113,
            "timestamp": 1732039946635,
            "isBuyerMaker": true,
            "isBestMatch": true
        },
        {
            "agg_trade_id": 3260227533,
            "price": "93182.32000000",
            "quantity": "0.00011000",
            "first_trade_id": 4107173114,
            "last_trade_id": 4107173114,
            "timestamp": 1732039946808,
            "isBuyerMaker": false,
            "isBestMatch": true
        },
        {
            "agg_trade_id": 3260227534,
            "price": "93182.31000000",
            "quantity": "0.00044000",
            "first_trade_id": 4107173115,
            "last_trade_id": 4107173115,
            "timestamp": 1732039946876,
            "isBuyerMaker": true,
            "isBestMatch": true
        },
        {
            "agg_trade_id": 3260227535,
            "price": "93182.32000000",
            "quantity": "0.00010000",
            "first_trade_id": 4107173116,
            "last_trade_id": 4107173116,
            "timestamp": 1732039947115,
            "isBuyerMaker": false,
            "isBestMatch": true
        },
        {
            "agg_trade_id": 3260227536,
            "price": "93182.32000000",
            "quantity": "0.23219000",
            "first_trade_id": 4107173117,
            "last_trade_id": 4107173117,
            "timestamp": 1732039947207,
            "isBuyerMaker": false,
            "isBestMatch": true
        },
        {
            "agg_trade_id": 3260227537,
            "price": "93182.32000000",
            "quantity": "0.02814000",
            "first_trade_id": 4107173118,
            "last_trade_id": 4107173120,
            "timestamp": 1732039947315,
            "isBuyerMaker": false,
            "isBestMatch": true
        },
        {
            "agg_trade_id": 3260227538,
            "price": "93182.33000000",
            "quantity": "0.00060000",
            "first_trade_id": 4107173121,
            "last_trade_id": 4107173130,
            "timestamp": 1732039947315,
            "isBuyerMaker": false,
            "isBestMatch": true
        },
        {
            "agg_trade_id": 3260227539,
            "price": "93182.34000000",
            "quantity": "0.00328000",
            "first_trade_id": 4107173131,
            "last_trade_id": 4107173131,
            "timestamp": 1732039947315,
            "isBuyerMaker": false,
            "isBestMatch": true
        },
        {
            "agg_trade_id": 3260227540,
            "price": "93183.18000000",
            "quantity": "0.00051000",
            "first_trade_id": 4107173132,
            "last_trade_id": 4107173132,
            "timestamp": 1732039947315,
            "isBuyerMaker": false,
            "isBestMatch": true
        },
        {
            "agg_trade_id": 3260227541,
            "price": "93183.40000000",
            "quantity": "0.00200000",
            "first_trade_id": 4107173133,
            "last_trade_id": 4107173162,
            "timestamp": 1732039947315,
            "isBuyerMaker": false,
            "isBestMatch": true
        },
        {
            "agg_trade_id": 3260227542,
            "price": "93183.40000000",
            "quantity": "0.00677000",
            "first_trade_id": 4107173163,
            "last_trade_id": 4107173163,
            "timestamp": 1732039947320,
            "isBuyerMaker": true,
            "isBestMatch": true
        },
        {
            "agg_trade_id": 3260227543,
            "price": "93183.40000000",
            "quantity": "0.00582000",
            "first_trade_id": 4107173164,
            "last_trade_id": 4107173164,
            "timestamp": 1732039947370,
            "isBuyerMaker": true,
            "isBestMatch": true
        },
        {
            "agg_trade_id": 3260227544,
            "price": "93183.41000000",
            "quantity": "0.00120000",
            "first_trade_id": 4107173165,
            "last_trade_id": 4107173184,
            "timestamp": 1732039947736,
            "isBuyerMaker": false,
            "isBestMatch": true
        },
        {
            "agg_trade_id": 3260227545,
            "price": "93183.99000000",
            "quantity": "0.00024000",
            "first_trade_id": 4107173185,
            "last_trade_id": 4107173187,
            "timestamp": 1732039947736,
            "isBuyerMaker": false,
            "isBestMatch": true
        },
        {
            "agg_trade_id": 3260227546,
            "price": "93185.34000000",
            "quantity": "0.00001000",
            "first_trade_id": 4107173188,
            "last_trade_id": 4107173188,
            "timestamp": 1732039947736,
            "isBuyerMaker": false,
            "isBestMatch": true
        },
        {
            "agg_trade_id": 3260227547,
            "price": "93185.34000000",
            "quantity": "0.00025000",
            "first_trade_id": 4107173189,
            "last_trade_id": 4107173191,
            "timestamp": 1732039947739,
            "isBuyerMaker": false,
            "isBestMatch": true
        },
        {
            "agg_trade_id": 3260227548,
            "price": "93185.34000000",
            "quantity": "0.00010000",
            "first_trade_id": 4107173192,
            "last_trade_id": 4107173193,
            "timestamp": 1732039947739,
            "isBuyerMaker": false,
            "isBestMatch": true
        },
        {
            "agg_trade_id": 3260227549,
            "price": "93185.73000000",
            "quantity": "0.00015000",
            "first_trade_id": 4107173194,
            "last_trade_id": 4107173194,
            "timestamp": 1732039947739,
            "isBuyerMaker": false,
            "isBestMatch": true
        },
        {
            "agg_trade_id": 3260227550,
            "price": "93187.99000000",
            "quantity": "0.00025000",
            "first_trade_id": 4107173195,
            "last_trade_id": 4107173198,
            "timestamp": 1732039947744,
            "isBuyerMaker": false,
            "isBestMatch": true
        },
        {
            "agg_trade_id": 3260227551,
            "price": "93187.99000000",
            "quantity": "0.00025000",
            "first_trade_id": 4107173199,
            "last_trade_id": 4107173203,
            "timestamp": 1732039947744,
            "isBuyerMaker": false,
            "isBestMatch": true
        },
        {
            "agg_trade_id": 3260227552,
            "price": "93187.99000000",
            "quantity": "0.00025000",
            "first_trade_id": 4107173204,
            "last_trade_id": 4107173208,
            "timestamp": 1732039947744,
            "isBuyerMaker": false,
            "isBestMatch": true
        },
        {
            "agg_trade_id": 3260227553,
            "price": "93187.99000000",
            "quantity": "0.00025000",
            "first_trade_id": 4107173209,
            "last_trade_id": 4107173213,
            "timestamp": 1732039947744,
            "isBuyerMaker": false,
            "isBestMatch": true
        },
        {
            "agg_trade_id": 3260227554,
            "price": "93187.99000000",
            "quantity": "0.00025000",
            "first_trade_id": 4107173214,
            "last_trade_id": 4107173218,
            "timestamp": 1732039947744,
            "isBuyerMaker": false,
            "isBestMatch": true
        },
        {
            "agg_trade_id": 3260227555,
            "price": "93187.99000000",
            "quantity": "0.00025000",
            "first_trade_id": 4107173219,
            "last_trade_id": 4107173223,
            "timestamp": 1732039947744,
            "isBuyerMaker": false,
            "isBestMatch": true
        },
        {
            "agg_trade_id": 3260227556,
            "price": "93187.99000000",
            "quantity": "0.00025000",
            "first_trade_id": 4107173224,
            "last_trade_id": 4107173228,
            "timestamp": 1732039947744,
            "isBuyerMaker": false,
            "isBestMatch": true
        },
        {
            "agg_trade_id": 3260227557,
            "price": "93187.99000000",
            "quantity": "0.00025000",
            "first_trade_id": 4107173229,
            "last_trade_id": 4107173233,
            "timestamp": 1732039947744,
            "isBuyerMaker": false,
            "isBestMatch": true
        },
        {
            "agg_trade_id": 3260227558,
            "price": "93187.99000000",
            "quantity": "0.00025000",
            "first_trade_id": 4107173234,
            "last_trade_id": 4107173238,
            "timestamp": 1732039947744,
            "isBuyerMaker": false,
            "isBestMatch": true
        },
        {
            "agg_trade_id": 3260227559,
            "price": "93187.99000000",
            "quantity": "0.00015000",
            "first_trade_id": 4107173239,
            "last_trade_id": 4107173241,
            "timestamp": 1732039947745,
            "isBuyerMaker": false,
            "isBestMatch": true
        },
        {
            "agg_trade_id": 3260227560,
            "price": "93188.00000000",
            "quantity": "0.00010000",
            "first_trade_id": 4107173242,
            "last_trade_id": 4107173242,
            "timestamp": 1732039947745,
            "isBuyerMaker": false,
            "isBestMatch": true
        },
        {
            "agg_trade_id": 3260227561,
            "price": "93188.00000000",
            "quantity": "0.00266000",
            "first_trade_id": 4107173243,
            "last_trade_id": 4107173243,
            "timestamp": 1732039947745,
            "isBuyerMaker": false,
            "isBestMatch": true
        },
        {
            "agg_trade_id": 3260227562,
            "price": "93187.99000000",
            "quantity": "1.00000000",
            "first_trade_id": 4107173244,
            "last_trade_id": 4107173246,
            "timestamp": 1732039947858,
            "isBuyerMaker": true,
            "isBestMatch": true
        },
        {
            "agg_trade_id": 3260227563,
            "price": "93187.99000000",
            "quantity": "0.00503000",
            "first_trade_id": 4107173247,
            "last_trade_id": 4107173247,
            "timestamp": 1732039947928,
            "isBuyerMaker": true,
            "isBestMatch": true
        },
        {
            "agg_trade_id": 3260227564,
            "price": "93190.00000000",
            "quantity": "0.00053000",
            "first_trade_id": 4107173248,
            "last_trade_id": 4107173248,
            "timestamp": 1732039948015,
            "isBuyerMaker": false,
            "isBestMatch": true
        },
        {
            "agg_trade_id": 3260227565,
            "price": "93190.68000000",
            "quantity": "0.00012000",
            "first_trade_id": 4107173249,
            "last_trade_id": 4107173249,
            "timestamp": 1732039948015,
            "isBuyerMaker": false,
            "isBestMatch": true
        },
        {
            "agg_trade_id": 3260227566,
            "price": "93191.63000000",
            "quantity": "0.00018000",
            "first_trade_id": 4107173250,
            "last_trade_id": 4107173252,
            "timestamp": 1732039948015,
            "isBuyerMaker": false,
            "isBestMatch": true
        },
        {
            "agg_trade_id": 3260227567,
            "price": "93191.64000000",
            "quantity": "0.00183000",
            "first_trade_id": 4107173253,
            "last_trade_id": 4107173253,
            "timestamp": 1732039948015,
            "isBuyerMaker": false,
            "isBestMatch": true
        },
        {
            "agg_trade_id": 3260227568,
            "price": "93191.64000000",
            "quantity": "0.00117000",
            "first_trade_id": 4107173254,
            "last_trade_id": 4107173254,
            "timestamp": 1732039948015,
            "isBuyerMaker": false,
            "isBestMatch": true
        },
        {
            "agg_trade_id": 3260227569,
            "price": "93191.68000000",
            "quantity": "0.00006000",
            "first_trade_id": 4107173255,
            "last_trade_id": 4107173255,
            "timestamp": 1732039948015,
            "isBuyerMaker": false,
            "isBestMatch": true
        },
        {
            "agg_trade_id": 3260227570,
            "price": "93191.97000000",
            "quantity": "0.00078000",
            "first_trade_id": 4107173256,
            "last_trade_id": 4107173268,
            "timestamp": 1732039948015,
            "isBuyerMaker": false,
            "isBestMatch": true
        },
        {
            "agg_trade_id": 3260227571,
            "price": "93192.18000000",
            "quantity": "0.00006000",
            "first_trade_id": 4107173269,
            "last_trade_id": 4107173269,
            "timestamp": 1732039948015,
            "isBuyerMaker": false,
            "isBestMatch": true
        },
        {
            "agg_trade_id": 3260227572,
            "price": "93192.18000000",
            "quantity": "0.00028000",
            "first_trade_id": 4107173270,
            "last_trade_id": 4107173271,
            "timestamp": 1732039948017,
            "isBuyerMaker": false,
            "isBestMatch": true
        },
        {
            "agg_trade_id": 3260227573,
            "price": "93192.77000000",
            "quantity": "0.00060000",
            "first_trade_id": 4107173272,
            "last_trade_id": 4107173281,
            "timestamp": 1732039948017,
            "isBuyerMaker": false,
            "isBestMatch": true
        },
        {
            "agg_trade_id": 3260227574,
            "price": "93192.78000000",
            "quantity": "0.00178000",
            "first_trade_id": 4107173282,
            "last_trade_id": 4107173282,
            "timestamp": 1732039948017,
            "isBuyerMaker": false,
            "isBestMatch": true
        },
        {
            "agg_trade_id": 3260227575,
            "price": "93194.44000000",
            "quantity": "0.00006000",
            "first_trade_id": 4107173283,
            "last_trade_id": 4107173283,
            "timestamp": 1732039948018,
            "isBuyerMaker": false,
            "isBestMatch": true
        },
        {
            "agg_trade_id": 3260227576,
            "price": "93194.44000000",
            "quantity": "0.00078000",
            "first_trade_id": 4107173284,
            "last_trade_id": 4107173296,
            "timestamp": 1732039948020,
            "isBuyerMaker": false,
            "isBestMatch": true
        },
        {
            "agg_trade_id": 3260227577,
            "price": "93195.99000000",
            "quantity": "0.00006000",
            "first_trade_id": 4107173297,
            "last_trade_id": 4107173297,
            "timestamp": 1732039948022,
            "isBuyerMaker": false,
            "isBestMatch": true
        },
        {
            "agg_trade_id": 3260227578,
            "price": "93195.99000000",
            "quantity": "0.00266000",
            "first_trade_id": 4107173298,
            "last_trade_id": 4107173303,
            "timestamp": 1732039948024,
            "isBuyerMaker": false,
            "isBestMatch": true
        },
        {
            "agg_trade_id": 3260227579,
            "price": "93195.99000000",
            "quantity": "0.00266000",
            "first_trade_id": 4107173304,
            "last_trade_id": 4107173304,
            "timestamp": 1732039948024,
            "isBuyerMaker": false,
            "isBestMatch": true
        },
        {
            "agg_trade_id": 3260227580,
            "price": "93195.99000000",
            "quantity": "0.00006000",
            "first_trade_id": 4107173305,
            "last_trade_id": 4107173305,
            "timestamp": 1732039948025,
            "isBuyerMaker": false,
            "isBestMatch": true
        },
        {
            "agg_trade_id": 3260227581,
            "price": "93195.99000000",
            "quantity": "0.00006000",
            "first_trade_id": 4107173306,
            "last_trade_id": 4107173306,
            "timestamp": 1732039948025,
            "isBuyerMaker": false,
            "isBestMatch": true
        },
        {
            "agg_trade_id": 3260227582,
            "price": "93195.99000000",
            "quantity": "0.00006000",
            "first_trade_id": 4107173307,
            "last_trade_id": 4107173307,
            "timestamp": 1732039948025,
            "isBuyerMaker": false,
            "isBestMatch": true
        },
        {
            "agg_trade_id": 3260227583,
            "price": "93195.99000000",
            "quantity": "0.00006000",
            "first_trade_id": 4107173308,
            "last_trade_id": 4107173308,
            "timestamp": 1732039948025,
            "isBuyerMaker": false,
            "isBestMatch": true
        },
        {
            "agg_trade_id": 3260227584,
            "price": "93195.99000000",
            "quantity": "0.00006000",
            "first_trade_id": 4107173309,
            "last_trade_id": 4107173309,
            "timestamp": 1732039948025,
            "isBuyerMaker": false,
            "isBestMatch": true
        },
        {
            "agg_trade_id": 3260227585,
            "price": "93195.99000000",
            "quantity": "0.00006000",
            "first_trade_id": 4107173310,
            "last_trade_id": 4107173310,
            "timestamp": 1732039948025,
            "isBuyerMaker": false,
            "isBestMatch": true
        },
        {
            "agg_trade_id": 3260227586,
            "price": "93195.99000000",
            "quantity": "0.00006000",
            "first_trade_id": 4107173311,
            "last_trade_id": 4107173311,
            "timestamp": 1732039948025,
            "isBuyerMaker": false,
            "isBestMatch": true
        },
        {
            "agg_trade_id": 3260227587,
            "price": "93195.99000000",
            "quantity": "0.00006000",
            "first_trade_id": 4107173312,
            "last_trade_id": 4107173312,
            "timestamp": 1732039948026,
            "isBuyerMaker": false,
            "isBestMatch": true
        },
        {
            "agg_trade_id": 3260227588,
            "price": "93195.99000000",
            "quantity": "0.00006000",
            "first_trade_id": 4107173313,
            "last_trade_id": 4107173313,
            "timestamp": 1732039948026,
            "isBuyerMaker": false,
            "isBestMatch": true
        },
        {
            "agg_trade_id": 3260227589,
            "price": "93195.99000000",
            "quantity": "0.00006000",
            "first_trade_id": 4107173314,
            "last_trade_id": 4107173314,
            "timestamp": 1732039948026,
            "isBuyerMaker": false,
            "isBestMatch": true
        },
        {
            "agg_trade_id": 3260227590,
            "price": "93195.99000000",
            "quantity": "0.00006000",
            "first_trade_id": 4107173315,
            "last_trade_id": 4107173315,
            "timestamp": 1732039948026,
            "isBuyerMaker": false,
            "isBestMatch": true
        },
        {
            "agg_trade_id": 3260227591,
            "price": "93195.99000000",
            "quantity": "0.00006000",
            "first_trade_id": 4107173316,
            "last_trade_id": 4107173316,
            "timestamp": 1732039948026,
            "isBuyerMaker": false,
            "isBestMatch": true
        },
        {
            "agg_trade_id": 3260227592,
            "price": "93195.99000000",
            "quantity": "0.00006000",
            "first_trade_id": 4107173317,
            "last_trade_id": 4107173317,
            "timestamp": 1732039948026,
            "isBuyerMaker": false,
            "isBestMatch": true
        },
        {
            "agg_trade_id": 3260227593,
            "price": "93195.99000000",
            "quantity": "0.00006000",
            "first_trade_id": 4107173318,
            "last_trade_id": 4107173318,
            "timestamp": 1732039948026,
            "isBuyerMaker": false,
            "isBestMatch": true
        },
        {
            "agg_trade_id": 3260227594,
            "price": "93195.99000000",
            "quantity": "0.00006000",
            "first_trade_id": 4107173319,
            "last_trade_id": 4107173319,
            "timestamp": 1732039948026,
            "isBuyerMaker": false,
            "isBestMatch": true
        },
        {
            "agg_trade_id": 3260227595,
            "price": "93195.99000000",
            "quantity": "0.00006000",
            "first_trade_id": 4107173320,
            "last_trade_id": 4107173320,
            "timestamp": 1732039948026,
            "isBuyerMaker": false,
            "isBestMatch": true
        },
        {
            "agg_trade_id": 3260227596,
            "price": "93195.99000000",
            "quantity": "0.00006000",
            "first_trade_id": 4107173321,
            "last_trade_id": 4107173321,
            "timestamp": 1732039948026,
            "isBuyerMaker": false,
            "isBestMatch": true
        },
        {
            "agg_trade_id": 3260227597,
            "price": "93195.99000000",
            "quantity": "0.00006000",
            "first_trade_id": 4107173322,
            "last_trade_id": 4107173322,
            "timestamp": 1732039948026,
            "isBuyerMaker": false,
            "isBestMatch": true
        },
        {
            "agg_trade_id": 3260227598,
            "price": "93195.99000000",
            "quantity": "0.00006000",
            "first_trade_id": 4107173323,
            "last_trade_id": 4107173323,
            "timestamp": 1732039948026,
            "isBuyerMaker": false,
            "isBestMatch": true
        },
        {
            "agg_trade_id": 3260227599,
            "price": "93195.99000000",
            "quantity": "0.00006000",
            "first_trade_id": 4107173324,
            "last_trade_id": 4107173324,
            "timestamp": 1732039948026,
            "isBuyerMaker": false,
            "isBestMatch": true
        },
        {
            "agg_trade_id": 3260227600,
            "price": "93195.98000000",
            "quantity": "0.00010000",
            "first_trade_id": 4107173325,
            "last_trade_id": 4107173325,
            "timestamp": 1732039948056,
            "isBuyerMaker": true,
            "isBestMatch": true
        },
        {
            "agg_trade_id": 3260227601,
            "price": "93195.98000000",
            "quantity": "0.01413000",
            "first_trade_id": 4107173326,
            "last_trade_id": 4107173326,
            "timestamp": 1732039948132,
            "isBuyerMaker": true,
            "isBestMatch": true
        },
        {
            "agg_trade_id": 3260227602,
            "price": "93195.98000000",
            "quantity": "0.00016000",
            "first_trade_id": 4107173327,
            "last_trade_id": 4107173327,
            "timestamp": 1732039948197,
            "isBuyerMaker": true,
            "isBestMatch": true
        },
        {
            "agg_trade_id": 3260227603,
            "price": "93195.98000000",
            "quantity": "0.00014000",
            "first_trade_id": 4107173328,
            "last_trade_id": 4107173328,
            "timestamp": 1732039948200,
            "isBuyerMaker": true,
            "isBestMatch": true
        },
        {
            "agg_trade_id": 3260227604,
            "price": "93195.98000000",
            "quantity": "0.00018000",
            "first_trade_id": 4107173329,
            "last_trade_id": 4107173329,
            "timestamp": 1732039948204,
            "isBuyerMaker": true,
            "isBestMatch": true
        },
        {
            "agg_trade_id": 3260227605,
            "price": "93195.98000000",
            "quantity": "0.00027000",
            "first_trade_id": 4107173330,
            "last_trade_id": 4107173330,
            "timestamp": 1732039948215,
            "isBuyerMaker": true,
            "isBestMatch": true
        },
        {
            "agg_trade_id": 3260227606,
            "price": "93195.98000000",
            "quantity": "0.00019000",
            "first_trade_id": 4107173331,
            "last_trade_id": 4107173331,
            "timestamp": 1732039948217,
            "isBuyerMaker": true,
            "isBestMatch": true
        },
        {
            "agg_trade_id": 3260227607,
            "price": "93195.98000000",
            "quantity": "0.00027000",
            "first_trade_id": 4107173332,
            "last_trade_id": 4107173332,
            "timestamp": 1732039948256,
            "isBuyerMaker": true,
            "isBestMatch": true
        },
        {
            "agg_trade_id": 3260227608,
            "price": "93195.98000000",
            "quantity": "0.00019000",
            "first_trade_id": 4107173333,
            "last_trade_id": 4107173333,
            "timestamp": 1732039948284,
            "isBuyerMaker": true,
            "isBestMatch": true
        },
        {
            "agg_trade_id": 3260227609,
            "price": "93195.98000000",
            "quantity": "0.00022000",
            "first_trade_id": 4107173334,
            "last_trade_id": 4107173334,
            "timestamp": 1732039948287,
            "isBuyerMaker": true,
            "isBestMatch": true
        },
        {
            "agg_trade_id": 3260227610,
            "price": "93195.98000000",
            "quantity": "0.00015000",
            "first_trade_id": 4107173335,
            "last_trade_id": 4107173335,
            "timestamp": 1732039948310,
            "isBuyerMaker": true,
            "isBestMatch": true
        },
        {
            "agg_trade_id": 3260227611,
            "price": "93195.99000000",
            "quantity": "0.00535000",
            "first_trade_id": 4107173336,
            "last_trade_id": 4107173337,
            "timestamp": 1732039948442,
            "isBuyerMaker": false,
            "isBestMatch": true
        },
        {
            "agg_trade_id": 3260227612,
            "price": "93195.98000000",
            "quantity": "0.00100000",
            "first_trade_id": 4107173338,
            "last_trade_id": 4107173338,
            "timestamp": 1732039948446,
            "isBuyerMaker": true,
            "isBestMatch": true
        },
        {
            "agg_trade_id": 3260227613,
            "price": "93195.98000000",
            "quantity": "0.00014000",
            "first_trade_id": 4107173339,
            "last_trade_id": 4107173339,
            "timestamp": 1732039948461,
            "isBuyerMaker": true,
            "isBestMatch": true
        },
        {
            "agg_trade_id": 3260227614,
            "price": "93195.98000000",
            "quantity": "0.00016000",
            "first_trade_id": 4107173340,
            "last_trade_id": 4107173340,
            "timestamp": 1732039948462,
            "isBuyerMaker": true,
            "isBestMatch": true
        },
        {
            "agg_trade_id": 3260227615,
            "price": "93195.98000000",
            "quantity": "0.00018000",
            "first_trade_id": 4107173341,
            "last_trade_id": 4107173341,
            "timestamp": 1732039948472,
            "isBuyerMaker": true,
            "isBestMatch": true
        },
        {
            "agg_trade_id": 3260227616,
            "price": "93195.98000000",
            "quantity": "0.00019000",
            "first_trade_id": 4107173342,
            "last_trade_id": 4107173342,
            "timestamp": 1732039948508,
            "isBuyerMaker": true,
            "isBestMatch": true
        },
        {
            "agg_trade_id": 3260227617,
            "price": "93195.98000000",
            "quantity": "0.00025000",
            "first_trade_id": 4107173343,
            "last_trade_id": 4107173343,
            "timestamp": 1732039948533,
            "isBuyerMaker": true,
            "isBestMatch": true
        },
        {
            "agg_trade_id": 3260227618,
            "price": "93195.98000000",
            "quantity": "0.00019000",
            "first_trade_id": 4107173344,
            "last_trade_id": 4107173344,
            "timestamp": 1732039948543,
            "isBuyerMaker": true,
            "isBestMatch": true
        },
        {
            "agg_trade_id": 3260227619,
            "price": "93195.98000000",
            "quantity": "0.07027000",
            "first_trade_id": 4107173345,
            "last_trade_id": 4107173346,
            "timestamp": 1732039948556,
            "isBuyerMaker": true,
            "isBestMatch": true
        },
        {
            "agg_trade_id": 3260227620,
            "price": "93195.98000000",
            "quantity": "0.00015000",
            "first_trade_id": 4107173347,
            "last_trade_id": 4107173347,
            "timestamp": 1732039948560,
            "isBuyerMaker": true,
            "isBestMatch": true
        },
        {
            "agg_trade_id": 3260227621,
            "price": "93195.98000000",
            "quantity": "0.00027000",
            "first_trade_id": 4107173348,
            "last_trade_id": 4107173348,
            "timestamp": 1732039948574,
            "isBuyerMaker": true,
            "isBestMatch": true
        },
        {
            "agg_trade_id": 3260227622,
            "price": "93195.98000000",
            "quantity": "0.00016000",
            "first_trade_id": 4107173349,
            "last_trade_id": 4107173349,
            "timestamp": 1732039948739,
            "isBuyerMaker": true,
            "isBestMatch": true
        },
        {
            "agg_trade_id": 3260227623,
            "price": "93195.98000000",
            "quantity": "0.00019000",
            "first_trade_id": 4107173350,
            "last_trade_id": 4107173350,
            "timestamp": 1732039948753,
            "isBuyerMaker": true,
            "isBestMatch": true
        },
        {
            "agg_trade_id": 3260227624,
            "price": "93195.98000000",
            "quantity": "0.00025000",
            "first_trade_id": 4107173351,
            "last_trade_id": 4107173351,
            "timestamp": 1732039948797,
            "isBuyerMaker": true,
            "isBestMatch": true
        },
        {
            "agg_trade_id": 3260227625,
            "price": "93195.98000000",
            "quantity": "0.00015000",
            "first_trade_id": 4107173352,
            "last_trade_id": 4107173352,
            "timestamp": 1732039948810,
            "isBuyerMaker": true,
            "isBestMatch": true
        },
        {
            "agg_trade_id": 3260227626,
            "price": "93195.98000000",
            "quantity": "0.00019000",
            "first_trade_id": 4107173353,
            "last_trade_id": 4107173353,
            "timestamp": 1732039948859,
            "isBuyerMaker": true,
            "isBestMatch": true
        },
        {
            "agg_trade_id": 3260227627,
            "price": "93195.98000000",
            "quantity": "0.00019000",
            "first_trade_id": 4107173354,
            "last_trade_id": 4107173354,
            "timestamp": 1732039948993,
            "isBuyerMaker": true,
            "isBestMatch": true
        },
        {
            "agg_trade_id": 3260227628,
            "price": "93195.98000000",
            "quantity": "0.00016000",
            "first_trade_id": 4107173355,
            "last_trade_id": 4107173355,
            "timestamp": 1732039949001,
            "isBuyerMaker": true,
            "isBestMatch": true
        },
        {
            "agg_trade_id": 3260227629,
            "price": "93195.98000000",
            "quantity": "0.00022000",
            "first_trade_id": 4107173356,
            "last_trade_id": 4107173356,
            "timestamp": 1732039949006,
            "isBuyerMaker": true,
            "isBestMatch": true
        },
        {
            "agg_trade_id": 3260227630,
            "price": "93195.98000000",
            "quantity": "0.00027000",
            "first_trade_id": 4107173357,
            "last_trade_id": 4107173357,
            "timestamp": 1732039949007,
            "isBuyerMaker": true,
            "isBestMatch": true
        },
        {
            "agg_trade_id": 3260227631,
            "price": "93195.98000000",
            "quantity": "0.00015000",
            "first_trade_id": 4107173358,
            "last_trade_id": 4107173358,
            "timestamp": 1732039949059,
            "isBuyerMaker": true,
            "isBestMatch": true
        },
        {
            "agg_trade_id": 3260227632,
            "price": "93195.98000000",
            "quantity": "0.00025000",
            "first_trade_id": 4107173359,
            "last_trade_id": 4107173359,
            "timestamp": 1732039949062,
            "isBuyerMaker": true,
            "isBestMatch": true
        },
        {
            "agg_trade_id": 3260227633,
            "price": "93195.98000000",
            "quantity": "0.00019000",
            "first_trade_id": 4107173360,
            "last_trade_id": 4107173360,
            "timestamp": 1732039949118,
            "isBuyerMaker": true,
            "isBestMatch": true
        },
        {
            "agg_trade_id": 3260227634,
            "price": "93195.98000000",
            "quantity": "0.00016000",
            "first_trade_id": 4107173361,
            "last_trade_id": 4107173362,
            "timestamp": 1732039949263,
            "isBuyerMaker": true,
            "isBestMatch": true
        },
        {
            "agg_trade_id": 3260227635,
            "price": "93195.98000000",
            "quantity": "0.00022000",
            "first_trade_id": 4107173363,
            "last_trade_id": 4107173363,
            "timestamp": 1732039949284,
            "isBuyerMaker": true,
            "isBestMatch": true
        },
        {
            "agg_trade_id": 3260227636,
            "price": "93195.98000000",
            "quantity": "0.00015000",
            "first_trade_id": 4107173364,
            "last_trade_id": 4107173364,
            "timestamp": 1732039949316,
            "isBuyerMaker": true,
            "isBestMatch": true
        },
        {
            "agg_trade_id": 3260227637,
            "price": "93195.98000000",
            "quantity": "0.00025000",
            "first_trade_id": 4107173365,
            "last_trade_id": 4107173365,
            "timestamp": 1732039949325,
            "isBuyerMaker": true,
            "isBestMatch": true
        },
        {
            "agg_trade_id": 3260227638,
            "price": "93195.98000000",
            "quantity": "0.00019000",
            "first_trade_id": 4107173366,
            "last_trade_id": 4107173366,
            "timestamp": 1732039949387,
            "isBuyerMaker": true,
            "isBestMatch": true
        },
        {
            "agg_trade_id": 3260227639,
            "price": "93195.98000000",
            "quantity": "0.00027000",
            "first_trade_id": 4107173367,
            "last_trade_id": 4107173367,
            "timestamp": 1732039949410,
            "isBuyerMaker": true,
            "isBestMatch": true
        },
        {
            "agg_trade_id": 3260227640,
            "price": "93195.98000000",
            "quantity": "0.00019000",
            "first_trade_id": 4107173368,
            "last_trade_id": 4107173368,
            "timestamp": 1732039949461,
            "isBuyerMaker": true,
            "isBestMatch": true
        },
        {
            "agg_trade_id": 3260227641,
            "price": "93195.98000000",
            "quantity": "0.00016000",
            "first_trade_id": 4107173369,
            "last_trade_id": 4107173369,
            "timestamp": 1732039949514,
            "isBuyerMaker": true,
            "isBestMatch": true
        },
        {
            "agg_trade_id": 3260227642,
            "price": "93195.98000000",
            "quantity": "0.00019000",
            "first_trade_id": 4107173370,
            "last_trade_id": 4107173370,
            "timestamp": 1732039949553,
            "isBuyerMaker": true,
            "isBestMatch": true
        },
        {
            "agg_trade_id": 3260227643,
            "price": "93195.98000000",
            "quantity": "0.00015000",
            "first_trade_id": 4107173371,
            "last_trade_id": 4107173371,
            "timestamp": 1732039949632,
            "isBuyerMaker": true,
            "isBestMatch": true
        },
        {
            "agg_trade_id": 3260227644,
            "price": "93195.98000000",
            "quantity": "0.00019000",
            "first_trade_id": 4107173372,
            "last_trade_id": 4107173372,
            "timestamp": 1732039949633,
            "isBuyerMaker": true,
            "isBestMatch": true
        },
        {
            "agg_trade_id": 3260227645,
            "price": "93195.98000000",
            "quantity": "0.00022000",
            "first_trade_id": 4107173373,
            "last_trade_id": 4107173373,
            "timestamp": 1732039949645,
            "isBuyerMaker": true,
            "isBestMatch": true
        },
        {
            "agg_trade_id": 3260227646,
            "price": "93195.98000000",
            "quantity": "0.00019000",
            "first_trade_id": 4107173374,
            "last_trade_id": 4107173374,
            "timestamp": 1732039949709,
            "isBuyerMaker": true,
            "isBestMatch": true
        },
        {
            "agg_trade_id": 3260227647,
            "price": "93195.99000000",
            "quantity": "0.00088000",
            "first_trade_id": 4107173375,
            "last_trade_id": 4107173375,
            "timestamp": 1732039949714,
            "isBuyerMaker": false,
            "isBestMatch": true
        },
        {
            "agg_trade_id": 3260227648,
            "price": "93195.98000000",
            "quantity": "0.00025000",
            "first_trade_id": 4107173376,
            "last_trade_id": 4107173376,
            "timestamp": 1732039949754,
            "isBuyerMaker": true,
            "isBestMatch": true
        },
        {
            "agg_trade_id": 3260227649,
            "price": "93195.98000000",
            "quantity": "0.00016000",
            "first_trade_id": 4107173377,
            "last_trade_id": 4107173377,
            "timestamp": 1732039949775,
            "isBuyerMaker": true,
            "isBestMatch": true
        },
        {
            "agg_trade_id": 3260227650,
            "price": "93195.98000000",
            "quantity": "0.00019000",
            "first_trade_id": 4107173378,
            "last_trade_id": 4107173378,
            "timestamp": 1732039949816,
            "isBuyerMaker": true,
            "isBestMatch": true
        },
        {
            "agg_trade_id": 3260227651,
            "price": "93195.98000000",
            "quantity": "0.00027000",
            "first_trade_id": 4107173379,
            "last_trade_id": 4107173379,
            "timestamp": 1732039949858,
            "isBuyerMaker": true,
            "isBestMatch": true
        },
        {
            "agg_trade_id": 3260227652,
            "price": "93195.98000000",
            "quantity": "0.00015000",
            "first_trade_id": 4107173380,
            "last_trade_id": 4107173380,
            "timestamp": 1732039949880,
            "isBuyerMaker": true,
            "isBestMatch": true
        },
        {
            "agg_trade_id": 3260227653,
            "price": "93195.98000000",
            "quantity": "0.00019000",
            "first_trade_id": 4107173381,
            "last_trade_id": 4107173381,
            "timestamp": 1732039949892,
            "isBuyerMaker": true,
            "isBestMatch": true
        },
        {
            "agg_trade_id": 3260227654,
            "price": "93195.99000000",
            "quantity": "0.00013000",
            "first_trade_id": 4107173382,
            "last_trade_id": 4107173382,
            "timestamp": 1732039949907,
            "isBuyerMaker": false,
            "isBestMatch": true
        },
        {
            "agg_trade_id": 3260227655,
            "price": "93195.98000000",
            "quantity": "0.00022000",
            "first_trade_id": 4107173383,
            "last_trade_id": 4107173383,
            "timestamp": 1732039949912,
            "isBuyerMaker": true,
            "isBestMatch": true
        },
        {
            "agg_trade_id": 3260227656,
            "price": "93195.99000000",
            "quantity": "0.00013000",
            "first_trade_id": 4107173384,
            "last_trade_id": 4107173384,
            "timestamp": 1732039949914,
            "isBuyerMaker": false,
            "isBestMatch": true
        },
        {
            "agg_trade_id": 3260227657,
            "price": "93195.99000000",
            "quantity": "0.00013000",
            "first_trade_id": 4107173385,
            "last_trade_id": 4107173385,
            "timestamp": 1732039949921,
            "isBuyerMaker": false,
            "isBestMatch": true
        },
        {
            "agg_trade_id": 3260227658,
            "price": "93195.99000000",
            "quantity": "0.00016000",
            "first_trade_id": 4107173386,
            "last_trade_id": 4107173386,
            "timestamp": 1732039949940,
            "isBuyerMaker": false,
            "isBestMatch": true
        },
        {
            "agg_trade_id": 3260227659,
            "price": "93195.99000000",
            "quantity": "0.00014000",
            "first_trade_id": 4107173387,
            "last_trade_id": 4107173387,
            "timestamp": 1732039949947,
            "isBuyerMaker": false,
            "isBestMatch": true
        },
        {
            "agg_trade_id": 3260227660,
            "price": "93195.99000000",
            "quantity": "0.00016000",
            "first_trade_id": 4107173388,
            "last_trade_id": 4107173388,
            "timestamp": 1732039949952,
            "isBuyerMaker": false,
            "isBestMatch": true
        },
        {
            "agg_trade_id": 3260227661,
            "price": "93195.99000000",
            "quantity": "0.00016000",
            "first_trade_id": 4107173389,
            "last_trade_id": 4107173389,
            "timestamp": 1732039949955,
            "isBuyerMaker": false,
            "isBestMatch": true
        },
        {
            "agg_trade_id": 3260227662,
            "price": "93195.98000000",
            "quantity": "0.00019000",
            "first_trade_id": 4107173390,
            "last_trade_id": 4107173390,
            "timestamp": 1732039949959,
            "isBuyerMaker": true,
            "isBestMatch": true
        },
        {
            "agg_trade_id": 3260227663,
            "price": "93195.99000000",
            "quantity": "0.00014000",
            "first_trade_id": 4107173391,
            "last_trade_id": 4107173391,
            "timestamp": 1732039949959,
            "isBuyerMaker": false,
            "isBestMatch": true
        },
        {
            "agg_trade_id": 3260227664,
            "price": "93195.99000000",
            "quantity": "0.00014000",
            "first_trade_id": 4107173392,
            "last_trade_id": 4107173392,
            "timestamp": 1732039949960,
            "isBuyerMaker": false,
            "isBestMatch": true
        },
        {
            "agg_trade_id": 3260227665,
            "price": "93195.99000000",
            "quantity": "0.00016000",
            "first_trade_id": 4107173393,
            "last_trade_id": 4107173393,
            "timestamp": 1732039949962,
            "isBuyerMaker": false,
            "isBestMatch": true
        },
        {
            "agg_trade_id": 3260227666,
            "price": "93195.99000000",
            "quantity": "0.00014000",
            "first_trade_id": 4107173394,
            "last_trade_id": 4107173394,
            "timestamp": 1732039949967,
            "isBuyerMaker": false,
            "isBestMatch": true
        },
        {
            "agg_trade_id": 3260227667,
            "price": "93195.99000000",
            "quantity": "0.00016000",
            "first_trade_id": 4107173395,
            "last_trade_id": 4107173395,
            "timestamp": 1732039949973,
            "isBuyerMaker": false,
            "isBestMatch": true
        },
        {
            "agg_trade_id": 3260227668,
            "price": "93195.99000000",
            "quantity": "0.00016000",
            "first_trade_id": 4107173396,
            "last_trade_id": 4107173396,
            "timestamp": 1732039949975,
            "isBuyerMaker": false,
            "isBestMatch": true
        },
        {
            "agg_trade_id": 3260227669,
            "price": "93195.99000000",
            "quantity": "0.00016000",
            "first_trade_id": 4107173397,
            "last_trade_id": 4107173397,
            "timestamp": 1732039949977,
            "isBuyerMaker": false,
            "isBestMatch": true
        },
        {
            "agg_trade_id": 3260227670,
            "price": "93195.99000000",
            "quantity": "0.00014000",
            "first_trade_id": 4107173398,
            "last_trade_id": 4107173398,
            "timestamp": 1732039949984,
            "isBuyerMaker": false,
            "isBestMatch": true
        },
        {
            "agg_trade_id": 3260227671,
            "price": "93195.99000000",
            "quantity": "0.00013000",
            "first_trade_id": 4107173399,
            "last_trade_id": 4107173399,
            "timestamp": 1732039949986,
            "isBuyerMaker": false,
            "isBestMatch": true
        },
        {
            "agg_trade_id": 3260227672,
            "price": "93195.99000000",
            "quantity": "0.00016000",
            "first_trade_id": 4107173400,
            "last_trade_id": 4107173400,
            "timestamp": 1732039949989,
            "isBuyerMaker": false,
            "isBestMatch": true
        },
        {
            "agg_trade_id": 3260227673,
            "price": "93195.99000000",
            "quantity": "0.00016000",
            "first_trade_id": 4107173401,
            "last_trade_id": 4107173401,
            "timestamp": 1732039949991,
            "isBuyerMaker": false,
            "isBestMatch": true
        },
        {
            "agg_trade_id": 3260227674,
            "price": "93195.99000000",
            "quantity": "0.00014000",
            "first_trade_id": 4107173402,
            "last_trade_id": 4107173402,
            "timestamp": 1732039949991,
            "isBuyerMaker": false,
            "isBestMatch": true
        },
        {
            "agg_trade_id": 3260227675,
            "price": "93195.99000000",
            "quantity": "0.00016000",
            "first_trade_id": 4107173403,
            "last_trade_id": 4107173403,
            "timestamp": 1732039949992,
            "isBuyerMaker": false,
            "isBestMatch": true
        },
        {
            "agg_trade_id": 3260227676,
            "price": "93195.99000000",
            "quantity": "0.00016000",
            "first_trade_id": 4107173404,
            "last_trade_id": 4107173404,
            "timestamp": 1732039949992,
            "isBuyerMaker": false,
            "isBestMatch": true
        },
        {
            "agg_trade_id": 3260227677,
            "price": "93195.99000000",
            "quantity": "0.00013000",
            "first_trade_id": 4107173405,
            "last_trade_id": 4107173405,
            "timestamp": 1732039949992,
            "isBuyerMaker": false,
            "isBestMatch": true
        },
        {
            "agg_trade_id": 3260227678,
            "price": "93195.99000000",
            "quantity": "0.00016000",
            "first_trade_id": 4107173406,
            "last_trade_id": 4107173406,
            "timestamp": 1732039949993,
            "isBuyerMaker": false,
            "isBestMatch": true
        },
        {
            "agg_trade_id": 3260227679,
            "price": "93195.99000000",
            "quantity": "0.00014000",
            "first_trade_id": 4107173407,
            "last_trade_id": 4107173407,
            "timestamp": 1732039949997,
            "isBuyerMaker": false,
            "isBestMatch": true
        },
        {
            "agg_trade_id": 3260227680,
            "price": "93195.99000000",
            "quantity": "0.00014000",
            "first_trade_id": 4107173408,
            "last_trade_id": 4107173408,
            "timestamp": 1732039950003,
            "isBuyerMaker": false,
            "isBestMatch": true
        },
        {
            "agg_trade_id": 3260227681,
            "price": "93195.99000000",
            "quantity": "0.00016000",
            "first_trade_id": 4107173409,
            "last_trade_id": 4107173409,
            "timestamp": 1732039950005,
            "isBuyerMaker": false,
            "isBestMatch": true
        },
        {
            "agg_trade_id": 3260227682,
            "price": "93195.99000000",
            "quantity": "0.00016000",
            "first_trade_id": 4107173410,
            "last_trade_id": 4107173410,
            "timestamp": 1732039950008,
            "isBuyerMaker": false,
            "isBestMatch": true
        },
        {
            "agg_trade_id": 3260227683,
            "price": "93195.99000000",
            "quantity": "0.00016000",
            "first_trade_id": 4107173411,
            "last_trade_id": 4107173411,
            "timestamp": 1732039950008,
            "isBuyerMaker": false,
            "isBestMatch": true
        },
        {
            "agg_trade_id": 3260227684,
            "price": "93195.98000000",
            "quantity": "0.00025000",
            "first_trade_id": 4107173412,
            "last_trade_id": 4107173412,
            "timestamp": 1732039950009,
            "isBuyerMaker": true,
            "isBestMatch": true
        },
        {
            "agg_trade_id": 3260227685,
            "price": "93195.99000000",
            "quantity": "0.00014000",
            "first_trade_id": 4107173413,
            "last_trade_id": 4107173413,
            "timestamp": 1732039950011,
            "isBuyerMaker": false,
            "isBestMatch": true
        },
        {
            "agg_trade_id": 3260227686,
            "price": "93195.99000000",
            "quantity": "0.00016000",
            "first_trade_id": 4107173414,
            "last_trade_id": 4107173414,
            "timestamp": 1732039950013,
            "isBuyerMaker": false,
            "isBestMatch": true
        },
        {
            "agg_trade_id": 3260227687,
            "price": "93195.99000000",
            "quantity": "0.00016000",
            "first_trade_id": 4107173415,
            "last_trade_id": 4107173415,
            "timestamp": 1732039950014,
            "isBuyerMaker": false,
            "isBestMatch": true
        },
        {
            "agg_trade_id": 3260227688,
            "price": "93195.99000000",
            "quantity": "0.00013000",
            "first_trade_id": 4107173416,
            "last_trade_id": 4107173416,
            "timestamp": 1732039950017,
            "isBuyerMaker": false,
            "isBestMatch": true
        },
        {
            "agg_trade_id": 3260227689,
            "price": "93195.99000000",
            "quantity": "0.00016000",
            "first_trade_id": 4107173417,
            "last_trade_id": 4107173417,
            "timestamp": 1732039950017,
            "isBuyerMaker": false,
            "isBestMatch": true
        },
        {
            "agg_trade_id": 3260227690,
            "price": "93195.99000000",
            "quantity": "0.00014000",
            "first_trade_id": 4107173418,
            "last_trade_id": 4107173418,
            "timestamp": 1732039950020,
            "isBuyerMaker": false,
            "isBestMatch": true
        },
        {
            "agg_trade_id": 3260227691,
            "price": "93195.98000000",
            "quantity": "0.00016000",
            "first_trade_id": 4107173419,
            "last_trade_id": 4107173419,
            "timestamp": 1732039950024,
            "isBuyerMaker": true,
            "isBestMatch": true
        },
        {
            "agg_trade_id": 3260227692,
            "price": "93195.99000000",
            "quantity": "0.00014000",
            "first_trade_id": 4107173420,
            "last_trade_id": 4107173420,
            "timestamp": 1732039950025,
            "isBuyerMaker": false,
            "isBestMatch": true
        },
        {
            "agg_trade_id": 3260227693,
            "price": "93195.99000000",
            "quantity": "0.00016000",
            "first_trade_id": 4107173421,
            "last_trade_id": 4107173421,
            "timestamp": 1732039950026,
            "isBuyerMaker": false,
            "isBestMatch": true
        },
        {
            "agg_trade_id": 3260227694,
            "price": "93195.99000000",
            "quantity": "0.00013000",
            "first_trade_id": 4107173422,
            "last_trade_id": 4107173422,
            "timestamp": 1732039950029,
            "isBuyerMaker": false,
            "isBestMatch": true
        },
        {
            "agg_trade_id": 3260227695,
            "price": "93195.98000000",
            "quantity": "0.00019000",
            "first_trade_id": 4107173423,
            "last_trade_id": 4107173423,
            "timestamp": 1732039950073,
            "isBuyerMaker": true,
            "isBestMatch": true
        },
        {
            "agg_trade_id": 3260227696,
            "price": "93195.99000000",
            "quantity": "0.01139000",
            "first_trade_id": 4107173424,
            "last_trade_id": 4107173424,
            "timestamp": 1732039950116,
            "isBuyerMaker": false,
            "isBestMatch": true
        },
        {
            "agg_trade_id": 3260227697,
            "price": "93195.98000000",
            "quantity": "0.00019000",
            "first_trade_id": 4107173425,
            "last_trade_id": 4107173425,
            "timestamp": 1732039950153,
            "isBuyerMaker": true,
            "isBestMatch": true
        },
        {
            "agg_trade_id": 3260227698,
            "price": "93195.98000000",
            "quantity": "0.00022000",
            "first_trade_id": 4107173426,
            "last_trade_id": 4107173426,
            "timestamp": 1732039950178,
            "isBuyerMaker": true,
            "isBestMatch": true
        },
        {
            "agg_trade_id": 3260227699,
            "price": "93195.98000000",
            "quantity": "0.00019000",
            "first_trade_id": 4107173427,
            "last_trade_id": 4107173427,
            "timestamp": 1732039950212,
            "isBuyerMaker": true,
            "isBestMatch": true
        },
        {
            "agg_trade_id": 3260227700,
            "price": "93195.98000000",
            "quantity": "0.00027000",
            "first_trade_id": 4107173428,
            "last_trade_id": 4107173428,
            "timestamp": 1732039950239,
            "isBuyerMaker": true,
            "isBestMatch": true
        },
        {
            "agg_trade_id": 3260227701,
            "price": "93195.98000000",
            "quantity": "0.00016000",
            "first_trade_id": 4107173429,
            "last_trade_id": 4107173429,
            "timestamp": 1732039950274,
            "isBuyerMaker": true,
            "isBestMatch": true
        },
        {
            "agg_trade_id": 3260227702,
            "price": "93195.98000000",
            "quantity": "0.00025000",
            "first_trade_id": 4107173430,
            "last_trade_id": 4107173430,
            "timestamp": 1732039950283,
            "isBuyerMaker": true,
            "isBestMatch": true
        },
        {
            "agg_trade_id": 3260227703,
            "price": "93195.98000000",
            "quantity": "0.00019000",
            "first_trade_id": 4107173431,
            "last_trade_id": 4107173431,
            "timestamp": 1732039950335,
            "isBuyerMaker": true,
            "isBestMatch": true
        },
        {
            "agg_trade_id": 3260227704,
            "price": "93195.98000000",
            "quantity": "0.00015000",
            "first_trade_id": 4107173432,
            "last_trade_id": 4107173432,
            "timestamp": 1732039950336,
            "isBuyerMaker": true,
            "isBestMatch": true
        },
        {
            "agg_trade_id": 3260227705,
            "price": "93195.98000000",
            "quantity": "0.00131000",
            "first_trade_id": 4107173433,
            "last_trade_id": 4107173433,
            "timestamp": 1732039950383,
            "isBuyerMaker": true,
            "isBestMatch": true
        },
        {
            "agg_trade_id": 3260227706,
            "price": "93195.98000000",
            "quantity": "0.00014000",
            "first_trade_id": 4107173434,
            "last_trade_id": 4107173434,
            "timestamp": 1732039950391,
            "isBuyerMaker": true,
            "isBestMatch": true
        },
        {
            "agg_trade_id": 3260227707,
            "price": "93195.98000000",
            "quantity": "0.00022000",
            "first_trade_id": 4107173435,
            "last_trade_id": 4107173435,
            "timestamp": 1732039950461,
            "isBuyerMaker": true,
            "isBestMatch": true
        },
        {
            "agg_trade_id": 3260227708,
            "price": "93195.98000000",
            "quantity": "0.00019000",
            "first_trade_id": 4107173436,
            "last_trade_id": 4107173436,
            "timestamp": 1732039950466,
            "isBuyerMaker": true,
            "isBestMatch": true
        },
        {
            "agg_trade_id": 3260227709,
            "price": "93195.98000000",
            "quantity": "0.00016000",
            "first_trade_id": 4107173437,
            "last_trade_id": 4107173437,
            "timestamp": 1732039950533,
            "isBuyerMaker": true,
            "isBestMatch": true
        },
        {
            "agg_trade_id": 3260227710,
            "price": "93195.98000000",
            "quantity": "0.00025000",
            "first_trade_id": 4107173438,
            "last_trade_id": 4107173438,
            "timestamp": 1732039950541,
            "isBuyerMaker": true,
            "isBestMatch": true
        },
        {
            "agg_trade_id": 3260227711,
            "price": "93195.98000000",
            "quantity": "0.00015000",
            "first_trade_id": 4107173439,
            "last_trade_id": 4107173439,
            "timestamp": 1732039950587,
            "isBuyerMaker": true,
            "isBestMatch": true
        },
        {
            "agg_trade_id": 3260227712,
            "price": "93195.98000000",
            "quantity": "0.00019000",
            "first_trade_id": 4107173440,
            "last_trade_id": 4107173440,
            "timestamp": 1732039950629,
            "isBuyerMaker": true,
            "isBestMatch": true
        },
        {
            "agg_trade_id": 3260227713,
            "price": "93195.98000000",
            "quantity": "0.00027000",
            "first_trade_id": 4107173441,
            "last_trade_id": 4107173441,
            "timestamp": 1732039950636,
            "isBuyerMaker": true,
            "isBestMatch": true
        },
        {
            "agg_trade_id": 3260227714,
            "price": "93195.98000000",
            "quantity": "0.00014000",
            "first_trade_id": 4107173442,
            "last_trade_id": 4107173442,
            "timestamp": 1732039950642,
            "isBuyerMaker": true,
            "isBestMatch": true
        },
        {
            "agg_trade_id": 3260227715,
            "price": "93195.98000000",
            "quantity": "0.00019000",
            "first_trade_id": 4107173443,
            "last_trade_id": 4107173443,
            "timestamp": 1732039950721,
            "isBuyerMaker": true,
            "isBestMatch": true
        },
        {
            "agg_trade_id": 3260227716,
            "price": "93195.99000000",
            "quantity": "0.00009000",
            "first_trade_id": 4107173444,
            "last_trade_id": 4107173444,
            "timestamp": 1732039950780,
            "isBuyerMaker": false,
            "isBestMatch": true
        },
        {
            "agg_trade_id": 3260227717,
            "price": "93195.98000000",
            "quantity": "0.00019000",
            "first_trade_id": 4107173445,
            "last_trade_id": 4107173445,
            "timestamp": 1732039950842,
            "isBuyerMaker": true,
            "isBestMatch": true
        },
        {
            "agg_trade_id": 3260227718,
            "price": "93195.99000000",
            "quantity": "0.00032000",
            "first_trade_id": 4107173446,
            "last_trade_id": 4107173446,
            "timestamp": 1732039950849,
            "isBuyerMaker": false,
            "isBestMatch": true
        },
        {
            "agg_trade_id": 3260227719,
            "price": "93195.99000000",
            "quantity": "0.01229000",
            "first_trade_id": 4107173447,
            "last_trade_id": 4107173447,
            "timestamp": 1732039950953,
            "isBuyerMaker": false,
            "isBestMatch": true
        },
        {
            "agg_trade_id": 3260227720,
            "price": "93195.99000000",
            "quantity": "0.00030000",
            "first_trade_id": 4107173448,
            "last_trade_id": 4107173448,
            "timestamp": 1732039951061,
            "isBuyerMaker": false,
            "isBestMatch": true
        },
        {
            "agg_trade_id": 3260227721,
            "price": "93195.98000000",
            "quantity": "0.40888000",
            "first_trade_id": 4107173449,
            "last_trade_id": 4107173461,
            "timestamp": 1732039951290,
            "isBuyerMaker": true,
            "isBestMatch": true
        },
        {
            "agg_trade_id": 3260227722,
            "price": "93195.98000000",
            "quantity": "0.01033000",
            "first_trade_id": 4107173462,
            "last_trade_id": 4107173462,
            "timestamp": 1732039951322,
            "isBuyerMaker": true,
            "isBestMatch": true
        },
        {
            "agg_trade_id": 3260227723,
            "price": "93195.98000000",
            "quantity": "0.00100000",
            "first_trade_id": 4107173463,
            "last_trade_id": 4107173463,
            "timestamp": 1732039951860,
            "isBuyerMaker": true,
            "isBestMatch": true
        },
        {
            "agg_trade_id": 3260227724,
            "price": "93195.98000000",
            "quantity": "0.01327000",
            "first_trade_id": 4107173464,
            "last_trade_id": 4107173464,
            "timestamp": 1732039952140,
            "isBuyerMaker": true,
            "isBestMatch": true
        },
        {
            "agg_trade_id": 3260227725,
            "price": "93195.98000000",
            "quantity": "0.00097000",
            "first_trade_id": 4107173465,
            "last_trade_id": 4107173465,
            "timestamp": 1732039952322,
            "isBuyerMaker": true,
            "isBestMatch": true
        },
        {
            "agg_trade_id": 3260227726,
            "price": "93195.99000000",
            "quantity": "0.00896000",
            "first_trade_id": 4107173466,
            "last_trade_id": 4107173476,
            "timestamp": 1732039952399,
            "isBuyerMaker": false,
            "isBestMatch": true
        },
        {
            "agg_trade_id": 3260227727,
            "price": "93198.30000000",
            "quantity": "0.00036000",
            "first_trade_id": 4107173477,
            "last_trade_id": 4107173482,
            "timestamp": 1732039952399,
            "isBuyerMaker": false,
            "isBestMatch": true
        },
        {
            "agg_trade_id": 3260227728,
            "price": "93198.31000000",
            "quantity": "0.02146000",
            "first_trade_id": 4107173483,
            "last_trade_id": 4107173483,
            "timestamp": 1732039952399,
            "isBuyerMaker": false,
            "isBestMatch": true
        },
        {
            "agg_trade_id": 3260227729,
            "price": "93199.98000000",
            "quantity": "0.00042000",
            "first_trade_id": 4107173484,
            "last_trade_id": 4107173489,
            "timestamp": 1732039952399,
            "isBuyerMaker": false,
            "isBestMatch": true
        },
        {
            "agg_trade_id": 3260227730,
            "price": "93199.98000000",
            "quantity": "0.00057000",
            "first_trade_id": 4107173490,
            "last_trade_id": 4107173490,
            "timestamp": 1732039952551,
            "isBuyerMaker": true,
            "isBestMatch": true
        },
        {
            "agg_trade_id": 3260227731,
            "price": "93199.99000000",
            "quantity": "0.00597000",
            "first_trade_id": 4107173491,
            "last_trade_id": 4107173492,
            "timestamp": 1732039952589,
            "isBuyerMaker": false,
            "isBestMatch": true
        },
        {
            "agg_trade_id": 3260227732,
            "price": "93199.98000000",
            "quantity": "0.00296000",
            "first_trade_id": 4107173493,
            "last_trade_id": 4107173493,
            "timestamp": 1732039952872,
            "isBuyerMaker": true,
            "isBestMatch": true
        },
        {
            "agg_trade_id": 3260227733,
            "price": "93199.98000000",
            "quantity": "0.00054000",
            "first_trade_id": 4107173494,
            "last_trade_id": 4107173494,
            "timestamp": 1732039953173,
            "isBuyerMaker": true,
            "isBestMatch": true
        },
        {
            "agg_trade_id": 3260227734,
            "price": "93199.99000000",
            "quantity": "0.00013000",
            "first_trade_id": 4107173495,
            "last_trade_id": 4107173495,
            "timestamp": 1732039953254,
            "isBuyerMaker": false,
            "isBestMatch": true
        },
        {
            "agg_trade_id": 3260227735,
            "price": "93199.99000000",
            "quantity": "0.00429000",
            "first_trade_id": 4107173496,
            "last_trade_id": 4107173496,
            "timestamp": 1732039953470,
            "isBuyerMaker": false,
            "isBestMatch": true
        },
        {
            "agg_trade_id": 3260227736,
            "price": "93199.98000000",
            "quantity": "0.01217000",
            "first_trade_id": 4107173497,
            "last_trade_id": 4107173497,
            "timestamp": 1732039953670,
            "isBuyerMaker": true,
            "isBestMatch": true
        },
        {
            "agg_trade_id": 3260227737,
            "price": "93199.99000000",
            "quantity": "0.00014000",
            "first_trade_id": 4107173498,
            "last_trade_id": 4107173498,
            "timestamp": 1732039953671,
            "isBuyerMaker": false,
            "isBestMatch": true
        },
        {
            "agg_trade_id": 3260227738,
            "price": "93199.98000000",
            "quantity": "0.00107000",
            "first_trade_id": 4107173499,
            "last_trade_id": 4107173499,
            "timestamp": 1732039953855,
            "isBuyerMaker": true,
            "isBestMatch": true
        },
        {
            "agg_trade_id": 3260227739,
            "price": "93199.98000000",
            "quantity": "0.00082000",
            "first_trade_id": 4107173500,
            "last_trade_id": 4107173500,
            "timestamp": 1732039954222,
            "isBuyerMaker": true,
            "isBestMatch": true
        },
        {
            "agg_trade_id": 3260227740,
            "price": "93199.99000000",
            "quantity": "0.00021000",
            "first_trade_id": 4107173501,
            "last_trade_id": 4107173501,
            "timestamp": 1732039954359,
            "isBuyerMaker": false,
            "isBestMatch": true
        },
        {
            "agg_trade_id": 3260227741,
            "price": "93199.99000000",
            "quantity": "0.10722000",
            "first_trade_id": 4107173502,
            "last_trade_id": 4107173512,
            "timestamp": 1732039954416,
            "isBuyerMaker": false,
            "isBestMatch": true
        },
        {
            "agg_trade_id": 3260227742,
            "price": "93199.98000000",
            "quantity": "0.00030000",
            "first_trade_id": 4107173513,
            "last_trade_id": 4107173513,
            "timestamp": 1732039954462,
            "isBuyerMaker": true,
            "isBestMatch": true
        },
        {
            "agg_trade_id": 3260227743,
            "price": "93199.98000000",
            "quantity": "4.26296000",
            "first_trade_id": 4107173514,
            "last_trade_id": 4107173539,
            "timestamp": 1732039954489,
            "isBuyerMaker": true,
            "isBestMatch": true
        },
        {
            "agg_trade_id": 3260227744,
            "price": "93199.94000000",
            "quantity": "0.00110000",
            "first_trade_id": 4107173540,
            "last_trade_id": 4107173541,
            "timestamp": 1732039954489,
            "isBuyerMaker": true,
            "isBestMatch": true
        },
        {
            "agg_trade_id": 3260227745,
            "price": "93198.86000000",
            "quantity": "0.11000000",
            "first_trade_id": 4107173542,
            "last_trade_id": 4107173542,
            "timestamp": 1732039954489,
            "isBuyerMaker": true,
            "isBestMatch": true
        },
        {
            "agg_trade_id": 3260227746,
            "price": "93198.84000000",
            "quantity": "0.40951000",
            "first_trade_id": 4107173543,
            "last_trade_id": 4107173543,
            "timestamp": 1732039954489,
            "isBuyerMaker": true,
            "isBestMatch": true
        },
        {
            "agg_trade_id": 3260227747,
            "price": "93198.83000000",
            "quantity": "0.21436000",
            "first_trade_id": 4107173544,
            "last_trade_id": 4107173544,
            "timestamp": 1732039954489,
            "isBuyerMaker": true,
            "isBestMatch": true
        },
        {
            "agg_trade_id": 3260227748,
            "price": "93198.00000000",
            "quantity": "0.08600000",
            "first_trade_id": 4107173545,
            "last_trade_id": 4107173546,
            "timestamp": 1732039954489,
            "isBuyerMaker": true,
            "isBestMatch": true
        },
        {
            "agg_trade_id": 3260227749,
            "price": "93197.81000000",
            "quantity": "0.03270000",
            "first_trade_id": 4107173547,
            "last_trade_id": 4107173547,
            "timestamp": 1732039954489,
            "isBuyerMaker": true,
            "isBestMatch": true
        },
        {
            "agg_trade_id": 3260227750,
            "price": "93197.37000000",
            "quantity": "0.00012000",
            "first_trade_id": 4107173548,
            "last_trade_id": 4107173548,
            "timestamp": 1732039954489,
            "isBuyerMaker": true,
            "isBestMatch": true
        },
        {
            "agg_trade_id": 3260227751,
            "price": "93196.57000000",
            "quantity": "0.03270000",
            "first_trade_id": 4107173549,
            "last_trade_id": 4107173549,
            "timestamp": 1732039954489,
            "isBuyerMaker": true,
            "isBestMatch": true
        },
        {
            "agg_trade_id": 3260227752,
            "price": "93196.00000000",
