{
    "data": [
        {
            "agg_trade_id": 506682027,
            "price": "0.40417000",
            "quantity": "2967.00000000",
            "first_trade_id": 759225972,
            "last_trade_id": 759225974,
            "timestamp": 1732039972333,
            "isBuyerMaker": true,
            "isBestMatch": true
        },
        {
            "agg_trade_id": 506682028,
            "price": "0.40417000",
            "quantity": "4601.00000000",
            "first_trade_id": 759225975,
            "last_trade_id": 759225975,
            "timestamp": 1732039972333,
            "isBuyerMaker": true,
            "isBestMatch": true
        },
        {
            "agg_trade_id": 506682029,
            "price": "0.40417000",
            "quantity": "6918.00000000",
            "first_trade_id": 759225976,
            "last_trade_id": 759225976,
            "timestamp": 1732039972333,
            "isBuyerMaker": true,
            "isBestMatch": true
        },
        {
            "agg_trade_id": 506682030,
            "price": "0.40416000",
            "quantity": "7497.00000000",
            "first_trade_id": 759225977,
            "last_trade_id": 759225982,
            "timestamp": 1732039972334,
            "isBuyerMaker": true,
            "isBestMatch": true
        },
        {
            "agg_trade_id": 506682031,
            "price": "0.40416000",
            "quantity": "6229.00000000",
            "first_trade_id": 759225983,
            "last_trade_id": 759225983,
            "timestamp": 1732039972334,
            "isBuyerMaker": true,
            "isBestMatch": true
        },
        {
            "agg_trade_id": 506682032,
            "price": "0.40416000",
            "quantity": "4416.00000000",
            "first_trade_id": 759225984,
            "last_trade_id": 759225984,
            "timestamp": 1732039972335,
            "isBuyerMaker": true,
            "isBestMatch": true
        },
        {
            "agg_trade_id": 506682033,
            "price": "0.40416000",
            "quantity": "2967.00000000",
            "first_trade_id": 759225985,
            "last_trade_id": 759225985,
            "timestamp": 1732039972335,
            "isBuyerMaker": true,
            "isBestMatch": true
        },
        {
            "agg_trade_id": 506682034,
            "price": "0.40414000",
            "quantity": "3471.00000000",
            "first_trade_id": 759225986,
            "last_trade_id": 759225988,
            "timestamp": 1732039972335,
            "isBuyerMaker": true,
            "isBestMatch": true
        },
        {
            "agg_trade_id": 506682035,
            "price": "0.40417000",
            "quantity": "36.00000000",
            "first_trade_id": 759225989,
            "last_trade_id": 759225989,
            "timestamp": 1732039972343,
            "isBuyerMaker": false,
            "isBestMatch": true
        },
        {
            "agg_trade_id": 506682036,
            "price": "0.40413000",
            "quantity": "50.00000000",
            "first_trade_id": 759225990,
            "last_trade_id": 759225990,
            "timestamp": 1732039972344,
            "isBuyerMaker": true,
            "isBestMatch": true
        },
        {
            "agg_trade_id": 506682037,
            "price": "0.40413000",
            "quantity": "73.00000000",
            "first_trade_id": 759225991,
            "last_trade_id": 759225991,
            "timestamp": 1732039972346,
            "isBuyerMaker": true,
            "isBestMatch": true
        },
        {
            "agg_trade_id": 506682038,
            "price": "0.40412000",
            "quantity": "45.00000000",
            "first_trade_id": 759225992,
            "last_trade_id": 759225993,
            "timestamp": 1732039972346,
            "isBuyerMaker": true,
            "isBestMatch": true
        },
        {
            "agg_trade_id": 506682039,
            "price": "0.40411000",
            "quantity": "61.00000000",
            "first_trade_id": 759225994,
            "last_trade_id": 759225997,
            "timestamp": 1732039972365,
            "isBuyerMaker": true,
            "isBestMatch": true
        },
        {
            "agg_trade_id": 506682040,
            "price": "0.40410000",
            "quantity": "28329.00000000",
            "first_trade_id": 759225998,
            "last_trade_id": 759225998,
            "timestamp": 1732039972365,
            "isBuyerMaker": true,
            "isBestMatch": true
        },
        {
            "agg_trade_id": 506682041,
            "price": "0.40409000",
            "quantity": "22.00000000",
            "first_trade_id": 759225999,
            "last_trade_id": 759226001,
            "timestamp": 1732039972421,
            "isBuyerMaker": true,
            "isBestMatch": true
        },
        {
            "agg_trade_id": 506682042,
            "price": "0.40410000",
            "quantity": "1485.00000000",
            "first_trade_id": 759226002,
            "last_trade_id": 759226003,
            "timestamp": 1732039972426,
            "isBuyerMaker": false,
            "isBestMatch": true
        },
        {
            "agg_trade_id": 506682043,
            "price": "0.40410000",
            "quantity": "5326.00000000",
            "first_trade_id": 759226004,
            "last_trade_id": 759226004,
            "timestamp": 1732039972512,
            "isBuyerMaker": false,
            "isBestMatch": true
        },
        {
            "agg_trade_id": 506682044,
            "price": "0.40410000",
            "quantity": "123.00000000",
            "first_trade_id": 759226005,
            "last_trade_id": 759226005,
            "timestamp": 1732039972730,
            "isBuyerMaker": false,
            "isBestMatch": true
        },
        {
            "agg_trade_id": 506682045,
            "price": "0.40410000",
            "quantity": "126.00000000",
            "first_trade_id": 759226006,
            "last_trade_id": 759226006,
            "timestamp": 1732039972757,
            "isBuyerMaker": false,
            "isBestMatch": true
        },
        {
            "agg_trade_id": 506682046,
            "price": "0.40409000",
            "quantity": "52.00000000",
            "first_trade_id": 759226007,
            "last_trade_id": 759226017,
            "timestamp": 1732039972783,
            "isBuyerMaker": true,
            "isBestMatch": true
        },
        {
            "agg_trade_id": 506682047,
            "price": "0.40408000",
            "quantity": "29.00000000",
            "first_trade_id": 759226018,
            "last_trade_id": 759226019,
            "timestamp": 1732039972784,
            "isBuyerMaker": true,
            "isBestMatch": true
        },
        {
            "agg_trade_id": 506682048,
            "price": "0.40408000",
            "quantity": "19.00000000",
            "first_trade_id": 759226020,
            "last_trade_id": 759226020,
            "timestamp": 1732039972784,
            "isBuyerMaker": true,
            "isBestMatch": true
        },
        {
            "agg_trade_id": 506682049,
            "price": "0.40408000",
            "quantity": "125.00000000",
            "first_trade_id": 759226021,
            "last_trade_id": 759226021,
            "timestamp": 1732039972784,
            "isBuyerMaker": true,
            "isBestMatch": true
        },
        {
            "agg_trade_id": 506682050,
            "price": "0.40408000",
            "quantity": "841.00000000",
            "first_trade_id": 759226022,
            "last_trade_id": 759226022,
            "timestamp": 1732039972804,
            "isBuyerMaker": true,
            "isBestMatch": true
        },
        {
            "agg_trade_id": 506682051,
            "price": "0.40406000",
            "quantity": "242.00000000",
            "first_trade_id": 759226023,
            "last_trade_id": 759226023,
            "timestamp": 1732039972823,
            "isBuyerMaker": true,
            "isBestMatch": true
        },
        {
            "agg_trade_id": 506682052,
            "price": "0.40405000",
            "quantity": "73.00000000",
            "first_trade_id": 759226024,
            "last_trade_id": 759226026,
            "timestamp": 1732039972826,
            "isBuyerMaker": true,
            "isBestMatch": true
        },
        {
            "agg_trade_id": 506682053,
            "price": "0.40404000",
            "quantity": "422.00000000",
            "first_trade_id": 759226027,
            "last_trade_id": 759226028,
            "timestamp": 1732039972833,
            "isBuyerMaker": true,
            "isBestMatch": true
        },
        {
            "agg_trade_id": 506682054,
            "price": "0.40403000",
            "quantity": "19.00000000",
            "first_trade_id": 759226029,
            "last_trade_id": 759226029,
            "timestamp": 1732039972835,
            "isBuyerMaker": true,
            "isBestMatch": true
        },
        {
            "agg_trade_id": 506682055,
            "price": "0.40402000",
            "quantity": "12697.00000000",
            "first_trade_id": 759226030,
            "last_trade_id": 759226032,
            "timestamp": 1732039972873,
            "isBuyerMaker": true,
            "isBestMatch": true
        },
        {
            "agg_trade_id": 506682056,
            "price": "0.40403000",
            "quantity": "18.00000000",
            "first_trade_id": 759226033,
            "last_trade_id": 759226033,
            "timestamp": 1732039972885,
            "isBuyerMaker": false,
            "isBestMatch": true
        },
        {
            "agg_trade_id": 506682057,
            "price": "0.40401000",
            "quantity": "29.00000000",
            "first_trade_id": 759226034,
            "last_trade_id": 759226035,
            "timestamp": 1732039972906,
            "isBuyerMaker": true,
            "isBestMatch": true
        },
        {
            "agg_trade_id": 506682058,
            "price": "0.40401000",
            "quantity": "75.00000000",
            "first_trade_id": 759226036,
            "last_trade_id": 759226036,
            "timestamp": 1732039973099,
            "isBuyerMaker": true,
            "isBestMatch": true
        },
        {
            "agg_trade_id": 506682059,
            "price": "0.40402000",
            "quantity": "494.00000000",
            "first_trade_id": 759226037,
            "last_trade_id": 759226037,
            "timestamp": 1732039973131,
            "isBuyerMaker": false,
            "isBestMatch": true
        },
        {
            "agg_trade_id": 506682060,
            "price": "0.40402000",
            "quantity": "74.00000000",
            "first_trade_id": 759226038,
            "last_trade_id": 759226038,
            "timestamp": 1732039973196,
            "isBuyerMaker": false,
            "isBestMatch": true
        },
        {
            "agg_trade_id": 506682061,
            "price": "0.40402000",
            "quantity": "9580.00000000",
            "first_trade_id": 759226039,
            "last_trade_id": 759226039,
            "timestamp": 1732039973250,
            "isBuyerMaker": false,
            "isBestMatch": true
        },
        {
            "agg_trade_id": 506682062,
            "price": "0.40402000",
            "quantity": "3.00000000",
            "first_trade_id": 759226040,
            "last_trade_id": 759226040,
            "timestamp": 1732039973263,
            "isBuyerMaker": true,
            "isBestMatch": true
        },
        {
            "agg_trade_id": 506682063,
            "price": "0.40402000",
            "quantity": "183.00000000",
            "first_trade_id": 759226041,
            "last_trade_id": 759226041,
            "timestamp": 1732039973265,
            "isBuyerMaker": true,
            "isBestMatch": true
        },
        {
            "agg_trade_id": 506682064,
            "price": "0.40403000",
            "quantity": "33274.00000000",
            "first_trade_id": 759226042,
            "last_trade_id": 759226044,
            "timestamp": 1732039973285,
            "isBuyerMaker": true,
            "isBestMatch": true
        },
        {
            "agg_trade_id": 506682065,
            "price": "0.40404000",
            "quantity": "19.00000000",
            "first_trade_id": 759226045,
            "last_trade_id": 759226045,
            "timestamp": 1732039973425,
            "isBuyerMaker": false,
            "isBestMatch": true
        },
        {
            "agg_trade_id": 506682066,
            "price": "0.40405000",
            "quantity": "18.00000000",
            "first_trade_id": 759226046,
            "last_trade_id": 759226046,
            "timestamp": 1732039973425,
            "isBuyerMaker": false,
            "isBestMatch": true
        },
        {
            "agg_trade_id": 506682067,
            "price": "0.40408000",
            "quantity": "27.00000000",
            "first_trade_id": 759226047,
            "last_trade_id": 759226047,
            "timestamp": 1732039973472,
            "isBuyerMaker": true,
            "isBestMatch": true
        },
        {
            "agg_trade_id": 506682068,
            "price": "0.40408000",
            "quantity": "100.00000000",
            "first_trade_id": 759226048,
            "last_trade_id": 759226048,
            "timestamp": 1732039973485,
            "isBuyerMaker": true,
            "isBestMatch": true
        },
        {
            "agg_trade_id": 506682069,
            "price": "0.40408000",
            "quantity": "29.00000000",
            "first_trade_id": 759226049,
            "last_trade_id": 759226049,
            "timestamp": 1732039973547,
            "isBuyerMaker": true,
            "isBestMatch": true
        },
        {
            "agg_trade_id": 506682070,
            "price": "0.40408000",
            "quantity": "29.00000000",
            "first_trade_id": 759226050,
            "last_trade_id": 759226050,
            "timestamp": 1732039973547,
            "isBuyerMaker": true,
            "isBestMatch": true
        },
        {
            "agg_trade_id": 506682071,
            "price": "0.40408000",
            "quantity": "29.00000000",
            "first_trade_id": 759226051,
            "last_trade_id": 759226051,
            "timestamp": 1732039973547,
            "isBuyerMaker": true,
            "isBestMatch": true
        },
        {
            "agg_trade_id": 506682072,
            "price": "0.40408000",
            "quantity": "29.00000000",
            "first_trade_id": 759226052,
            "last_trade_id": 759226052,
            "timestamp": 1732039973548,
            "isBuyerMaker": true,
            "isBestMatch": true
        },
        {
            "agg_trade_id": 506682073,
            "price": "0.40408000",
            "quantity": "7.00000000",
            "first_trade_id": 759226053,
            "last_trade_id": 759226053,
            "timestamp": 1732039973548,
            "isBuyerMaker": true,
            "isBestMatch": true
        },
        {
            "agg_trade_id": 506682074,
            "price": "0.40406000",
            "quantity": "22.00000000",
            "first_trade_id": 759226054,
            "last_trade_id": 759226054,
            "timestamp": 1732039973548,
            "isBuyerMaker": true,
            "isBestMatch": true
        },
        {
            "agg_trade_id": 506682075,
            "price": "0.40408000",
            "quantity": "1184.00000000",
            "first_trade_id": 759226055,
            "last_trade_id": 759226055,
            "timestamp": 1732039973557,
            "isBuyerMaker": false,
            "isBestMatch": true
        },
        {
            "agg_trade_id": 506682076,
            "price": "0.40407000",
            "quantity": "30.00000000",
            "first_trade_id": 759226056,
            "last_trade_id": 759226065,
            "timestamp": 1732039973929,
            "isBuyerMaker": true,
            "isBestMatch": true
        },
        {
            "agg_trade_id": 506682077,
            "price": "0.40406000",
            "quantity": "124.00000000",
            "first_trade_id": 759226066,
            "last_trade_id": 759226067,
            "timestamp": 1732039973929,
            "isBuyerMaker": true,
            "isBestMatch": true
        },
        {
            "agg_trade_id": 506682078,
            "price": "0.40405000",
            "quantity": "29.00000000",
            "first_trade_id": 759226068,
            "last_trade_id": 759226068,
            "timestamp": 1732039973933,
            "isBuyerMaker": true,
            "isBestMatch": true
        },
        {
            "agg_trade_id": 506682079,
            "price": "0.40405000",
            "quantity": "955.00000000",
            "first_trade_id": 759226069,
            "last_trade_id": 759226079,
            "timestamp": 1732039974075,
            "isBuyerMaker": true,
            "isBestMatch": true
        },
        {
            "agg_trade_id": 506682080,
            "price": "0.40404000",
            "quantity": "30.00000000",
            "first_trade_id": 759226080,
            "last_trade_id": 759226089,
            "timestamp": 1732039974075,
            "isBuyerMaker": true,
            "isBestMatch": true
        },
        {
            "agg_trade_id": 506682081,
            "price": "0.40403000",
            "quantity": "29.00000000",
            "first_trade_id": 759226090,
            "last_trade_id": 759226090,
            "timestamp": 1732039974081,
            "isBuyerMaker": true,
            "isBestMatch": true
        },
        {
            "agg_trade_id": 506682082,
            "price": "0.40403000",
            "quantity": "29.00000000",
            "first_trade_id": 759226091,
            "last_trade_id": 759226091,
            "timestamp": 1732039974081,
            "isBuyerMaker": true,
            "isBestMatch": true
        },
        {
            "agg_trade_id": 506682083,
            "price": "0.40403000",
            "quantity": "29.00000000",
            "first_trade_id": 759226092,
            "last_trade_id": 759226092,
            "timestamp": 1732039974081,
            "isBuyerMaker": true,
            "isBestMatch": true
        },
        {
            "agg_trade_id": 506682084,
            "price": "0.40403000",
            "quantity": "16.00000000",
            "first_trade_id": 759226093,
            "last_trade_id": 759226093,
            "timestamp": 1732039974081,
            "isBuyerMaker": true,
            "isBestMatch": true
        },
        {
            "agg_trade_id": 506682085,
            "price": "0.40402000",
            "quantity": "13.00000000",
            "first_trade_id": 759226094,
            "last_trade_id": 759226095,
            "timestamp": 1732039974081,
            "isBuyerMaker": true,
            "isBestMatch": true
        },
        {
            "agg_trade_id": 506682086,
            "price": "0.40402000",
            "quantity": "29.00000000",
            "first_trade_id": 759226096,
            "last_trade_id": 759226096,
            "timestamp": 1732039974084,
            "isBuyerMaker": true,
            "isBestMatch": true
        },
        {
            "agg_trade_id": 506682087,
            "price": "0.40402000",
            "quantity": "29.00000000",
            "first_trade_id": 759226097,
            "last_trade_id": 759226097,
            "timestamp": 1732039974084,
            "isBuyerMaker": true,
            "isBestMatch": true
        },
        {
            "agg_trade_id": 506682088,
            "price": "0.40402000",
            "quantity": "29.00000000",
            "first_trade_id": 759226098,
            "last_trade_id": 759226098,
            "timestamp": 1732039974084,
            "isBuyerMaker": true,
            "isBestMatch": true
        },
        {
            "agg_trade_id": 506682089,
            "price": "0.40402000",
            "quantity": "29.00000000",
            "first_trade_id": 759226099,
            "last_trade_id": 759226099,
            "timestamp": 1732039974084,
            "isBuyerMaker": true,
            "isBestMatch": true
        },
        {
            "agg_trade_id": 506682090,
            "price": "0.40402000",
            "quantity": "4.00000000",
            "first_trade_id": 759226100,
            "last_trade_id": 759226100,
            "timestamp": 1732039974084,
            "isBuyerMaker": true,
            "isBestMatch": true
        },
        {
            "agg_trade_id": 506682091,
            "price": "0.40401000",
            "quantity": "25.00000000",
            "first_trade_id": 759226101,
            "last_trade_id": 759226101,
            "timestamp": 1732039974084,
            "isBuyerMaker": true,
            "isBestMatch": true
        },
        {
            "agg_trade_id": 506682092,
            "price": "0.40401000",
            "quantity": "969.00000000",
            "first_trade_id": 759226102,
            "last_trade_id": 759226113,
            "timestamp": 1732039974113,
            "isBuyerMaker": true,
            "isBestMatch": true
        },
        {
            "agg_trade_id": 506682093,
            "price": "0.40400000",
            "quantity": "1003.00000000",
            "first_trade_id": 759226114,
            "last_trade_id": 759226116,
            "timestamp": 1732039974125,
            "isBuyerMaker": true,
            "isBestMatch": true
        },
        {
            "agg_trade_id": 506682094,
            "price": "0.40400000",
            "quantity": "10.00000000",
            "first_trade_id": 759226117,
            "last_trade_id": 759226117,
            "timestamp": 1732039974125,
            "isBuyerMaker": true,
            "isBestMatch": true
        },
        {
            "agg_trade_id": 506682095,
            "price": "0.40400000",
            "quantity": "502.00000000",
            "first_trade_id": 759226118,
            "last_trade_id": 759226131,
            "timestamp": 1732039974127,
            "isBuyerMaker": true,
            "isBestMatch": true
        },
        {
            "agg_trade_id": 506682096,
            "price": "0.40400000",
            "quantity": "502.00000000",
            "first_trade_id": 759226132,
            "last_trade_id": 759226132,
            "timestamp": 1732039974129,
            "isBuyerMaker": true,
            "isBestMatch": true
        },
        {
            "agg_trade_id": 506682097,
            "price": "0.40400000",
            "quantity": "50.00000000",
            "first_trade_id": 759226133,
            "last_trade_id": 759226133,
            "timestamp": 1732039974130,
            "isBuyerMaker": true,
            "isBestMatch": true
        },
        {
            "agg_trade_id": 506682098,
            "price": "0.40400000",
            "quantity": "100.00000000",
            "first_trade_id": 759226134,
            "last_trade_id": 759226135,
            "timestamp": 1732039974132,
            "isBuyerMaker": true,
            "isBestMatch": true
        },
        {
            "agg_trade_id": 506682099,
            "price": "0.40400000",
            "quantity": "201.00000000",
            "first_trade_id": 759226136,
            "last_trade_id": 759226136,
            "timestamp": 1732039974133,
            "isBuyerMaker": true,
            "isBestMatch": true
        },
        {
            "agg_trade_id": 506682100,
            "price": "0.40400000",
            "quantity": "502.00000000",
            "first_trade_id": 759226137,
            "last_trade_id": 759226138,
            "timestamp": 1732039974135,
            "isBuyerMaker": true,
            "isBestMatch": true
        },
        {
            "agg_trade_id": 506682101,
            "price": "0.40400000",
            "quantity": "150.00000000",
            "first_trade_id": 759226139,
            "last_trade_id": 759226139,
            "timestamp": 1732039974136,
            "isBuyerMaker": true,
            "isBestMatch": true
        },
        {
            "agg_trade_id": 506682102,
            "price": "0.40400000",
            "quantity": "302.00000000",
            "first_trade_id": 759226140,
            "last_trade_id": 759226140,
            "timestamp": 1732039974136,
            "isBuyerMaker": true,
            "isBestMatch": true
        },
        {
            "agg_trade_id": 506682103,
            "price": "0.40400000",
            "quantity": "502.00000000",
            "first_trade_id": 759226141,
            "last_trade_id": 759226142,
            "timestamp": 1732039974137,
            "isBuyerMaker": true,
            "isBestMatch": true
        },
        {
            "agg_trade_id": 506682104,
            "price": "0.40400000",
            "quantity": "1155.00000000",
            "first_trade_id": 759226143,
            "last_trade_id": 759226149,
            "timestamp": 1732039974137,
            "isBuyerMaker": true,
            "isBestMatch": true
        },
        {
            "agg_trade_id": 506682105,
            "price": "0.40400000",
            "quantity": "1002.00000000",
            "first_trade_id": 759226150,
            "last_trade_id": 759226150,
            "timestamp": 1732039974137,
            "isBuyerMaker": true,
            "isBestMatch": true
        },
        {
            "agg_trade_id": 506682106,
            "price": "0.40400000",
            "quantity": "52.00000000",
            "first_trade_id": 759226151,
            "last_trade_id": 759226161,
            "timestamp": 1732039974138,
            "isBuyerMaker": true,
            "isBestMatch": true
        },
        {
            "agg_trade_id": 506682107,
            "price": "0.40399000",
            "quantity": "37.00000000",
            "first_trade_id": 759226162,
            "last_trade_id": 759226162,
            "timestamp": 1732039974138,
            "isBuyerMaker": true,
            "isBestMatch": true
        },
        {
            "agg_trade_id": 506682108,
            "price": "0.40398000",
            "quantity": "312.00000000",
            "first_trade_id": 759226163,
            "last_trade_id": 759226164,
            "timestamp": 1732039974138,
            "isBuyerMaker": true,
            "isBestMatch": true
        },
        {
            "agg_trade_id": 506682109,
            "price": "0.40398000",
            "quantity": "3833.00000000",
            "first_trade_id": 759226165,
            "last_trade_id": 759226168,
            "timestamp": 1732039974138,
            "isBuyerMaker": true,
            "isBestMatch": true
        },
        {
            "agg_trade_id": 506682110,
            "price": "0.40397000",
            "quantity": "32.00000000",
            "first_trade_id": 759226169,
            "last_trade_id": 759226171,
            "timestamp": 1732039974138,
            "isBuyerMaker": true,
            "isBestMatch": true
        },
        {
            "agg_trade_id": 506682111,
            "price": "0.40395000",
            "quantity": "8.00000000",
            "first_trade_id": 759226172,
            "last_trade_id": 759226173,
            "timestamp": 1732039974138,
            "isBuyerMaker": true,
            "isBestMatch": true
        },
        {
            "agg_trade_id": 506682112,
            "price": "0.40394000",
            "quantity": "725.00000000",
            "first_trade_id": 759226174,
            "last_trade_id": 759226176,
            "timestamp": 1732039974138,
            "isBuyerMaker": true,
            "isBestMatch": true
        },
        {
            "agg_trade_id": 506682113,
            "price": "0.40394000",
            "quantity": "175.00000000",
            "first_trade_id": 759226177,
            "last_trade_id": 759226177,
            "timestamp": 1732039974138,
            "isBuyerMaker": true,
            "isBestMatch": true
        },
        {
            "agg_trade_id": 506682114,
            "price": "0.40395000",
            "quantity": "6344.00000000",
            "first_trade_id": 759226178,
            "last_trade_id": 759226178,
            "timestamp": 1732039974143,
            "isBuyerMaker": false,
            "isBestMatch": true
        },
        {
            "agg_trade_id": 506682115,
            "price": "0.40395000",
            "quantity": "990.00000000",
            "first_trade_id": 759226179,
            "last_trade_id": 759226179,
            "timestamp": 1732039974256,
            "isBuyerMaker": false,
            "isBestMatch": true
        },
        {
            "agg_trade_id": 506682116,
            "price": "0.40395000",
            "quantity": "2495.00000000",
            "first_trade_id": 759226180,
            "last_trade_id": 759226180,
            "timestamp": 1732039974282,
            "isBuyerMaker": false,
            "isBestMatch": true
        },
        {
            "agg_trade_id": 506682117,
            "price": "0.40397000",
            "quantity": "17.00000000",
            "first_trade_id": 759226181,
            "last_trade_id": 759226181,
            "timestamp": 1732039974308,
            "isBuyerMaker": false,
            "isBestMatch": true
        },
        {
            "agg_trade_id": 506682118,
            "price": "0.40399000",
            "quantity": "19.00000000",
            "first_trade_id": 759226182,
            "last_trade_id": 759226182,
            "timestamp": 1732039974314,
            "isBuyerMaker": false,
            "isBestMatch": true
        },
        {
            "agg_trade_id": 506682119,
            "price": "0.40400000",
            "quantity": "21.00000000",
            "first_trade_id": 759226183,
            "last_trade_id": 759226183,
            "timestamp": 1732039974314,
            "isBuyerMaker": false,
            "isBestMatch": true
        },
        {
            "agg_trade_id": 506682120,
            "price": "0.40401000",
            "quantity": "202.00000000",
            "first_trade_id": 759226184,
            "last_trade_id": 759226185,
            "timestamp": 1732039974314,
            "isBuyerMaker": false,
            "isBestMatch": true
        },
        {
            "agg_trade_id": 506682121,
            "price": "0.40400000",
            "quantity": "205.00000000",
            "first_trade_id": 759226186,
            "last_trade_id": 759226186,
            "timestamp": 1732039974434,
            "isBuyerMaker": true,
            "isBestMatch": true
        },
        {
            "agg_trade_id": 506682122,
            "price": "0.40400000",
            "quantity": "15674.00000000",
            "first_trade_id": 759226187,
            "last_trade_id": 759226187,
            "timestamp": 1732039974453,
            "isBuyerMaker": true,
            "isBestMatch": true
        },
        {
            "agg_trade_id": 506682123,
            "price": "0.40400000",
            "quantity": "105.00000000",
            "first_trade_id": 759226188,
            "last_trade_id": 759226188,
            "timestamp": 1732039974493,
            "isBuyerMaker": true,
            "isBestMatch": true
        },
        {
            "agg_trade_id": 506682124,
            "price": "0.40401000",
            "quantity": "42.00000000",
            "first_trade_id": 759226189,
            "last_trade_id": 759226189,
            "timestamp": 1732039974534,
            "isBuyerMaker": false,
            "isBestMatch": true
        },
        {
            "agg_trade_id": 506682125,
            "price": "0.40400000",
            "quantity": "2886.00000000",
            "first_trade_id": 759226190,
            "last_trade_id": 759226190,
            "timestamp": 1732039974547,
            "isBuyerMaker": true,
            "isBestMatch": true
        },
        {
            "agg_trade_id": 506682126,
            "price": "0.40400000",
            "quantity": "63.00000000",
            "first_trade_id": 759226191,
            "last_trade_id": 759226191,
            "timestamp": 1732039974644,
            "isBuyerMaker": true,
            "isBestMatch": true
        },
        {
            "agg_trade_id": 506682127,
            "price": "0.40400000",
            "quantity": "118.00000000",
            "first_trade_id": 759226192,
            "last_trade_id": 759226192,
            "timestamp": 1732039974678,
            "isBuyerMaker": true,
            "isBestMatch": true
        },
        {
            "agg_trade_id": 506682128,
            "price": "0.40400000",
            "quantity": "3.00000000",
            "first_trade_id": 759226193,
            "last_trade_id": 759226193,
            "timestamp": 1732039974719,
            "isBuyerMaker": true,
            "isBestMatch": true
        },
        {
            "agg_trade_id": 506682129,
            "price": "0.40398000",
            "quantity": "26.00000000",
            "first_trade_id": 759226194,
            "last_trade_id": 759226194,
            "timestamp": 1732039974719,
            "isBuyerMaker": true,
            "isBestMatch": true
        },
        {
            "agg_trade_id": 506682130,
            "price": "0.40398000",
            "quantity": "29.00000000",
            "first_trade_id": 759226195,
            "last_trade_id": 759226195,
            "timestamp": 1732039974722,
            "isBuyerMaker": true,
            "isBestMatch": true
        },
        {
            "agg_trade_id": 506682131,
            "price": "0.40398000",
            "quantity": "2087.00000000",
            "first_trade_id": 759226196,
            "last_trade_id": 759226196,
            "timestamp": 1732039974735,
            "isBuyerMaker": true,
            "isBestMatch": true
        },
        {
            "agg_trade_id": 506682132,
            "price": "0.40399000",
            "quantity": "605.00000000",
            "first_trade_id": 759226197,
            "last_trade_id": 759226197,
            "timestamp": 1732039974778,
            "isBuyerMaker": false,
            "isBestMatch": true
        },
        {
            "agg_trade_id": 506682133,
            "price": "0.40398000",
            "quantity": "105.00000000",
            "first_trade_id": 759226198,
            "last_trade_id": 759226199,
            "timestamp": 1732039975085,
            "isBuyerMaker": true,
            "isBestMatch": true
        },
        {
            "agg_trade_id": 506682134,
            "price": "0.40397000",
            "quantity": "29.00000000",
            "first_trade_id": 759226200,
            "last_trade_id": 759226200,
            "timestamp": 1732039975174,
            "isBuyerMaker": true,
            "isBestMatch": true
        },
        {
            "agg_trade_id": 506682135,
            "price": "0.40397000",
            "quantity": "1421.00000000",
            "first_trade_id": 759226201,
            "last_trade_id": 759226202,
            "timestamp": 1732039975215,
            "isBuyerMaker": true,
            "isBestMatch": true
        },
        {
            "agg_trade_id": 506682136,
            "price": "0.40398000",
            "quantity": "4833.00000000",
            "first_trade_id": 759226203,
            "last_trade_id": 759226203,
            "timestamp": 1732039975276,
            "isBuyerMaker": false,
            "isBestMatch": true
        },
        {
            "agg_trade_id": 506682137,
            "price": "0.40398000",
            "quantity": "32950.00000000",
            "first_trade_id": 759226204,
            "last_trade_id": 759226208,
            "timestamp": 1732039975290,
            "isBuyerMaker": false,
            "isBestMatch": true
        },
        {
            "agg_trade_id": 506682138,
            "price": "0.40399000",
            "quantity": "7712.00000000",
            "first_trade_id": 759226209,
            "last_trade_id": 759226209,
            "timestamp": 1732039975290,
            "isBuyerMaker": false,
            "isBestMatch": true
        },
        {
            "agg_trade_id": 506682139,
            "price": "0.40398000",
            "quantity": "409.00000000",
            "first_trade_id": 759226210,
            "last_trade_id": 759226210,
            "timestamp": 1732039975478,
            "isBuyerMaker": true,
            "isBestMatch": true
        },
        {
            "agg_trade_id": 506682140,
            "price": "0.40399000",
            "quantity": "2485.00000000",
            "first_trade_id": 759226211,
            "last_trade_id": 759226211,
            "timestamp": 1732039975505,
            "isBuyerMaker": false,
            "isBestMatch": true
        },
        {
            "agg_trade_id": 506682141,
            "price": "0.40401000",
            "quantity": "90.00000000",
            "first_trade_id": 759226212,
            "last_trade_id": 759226212,
            "timestamp": 1732039975506,
            "isBuyerMaker": false,
            "isBestMatch": true
        },
        {
            "agg_trade_id": 506682142,
            "price": "0.40400000",
            "quantity": "37.00000000",
            "first_trade_id": 759226213,
            "last_trade_id": 759226213,
            "timestamp": 1732039975537,
            "isBuyerMaker": true,
            "isBestMatch": true
        },
        {
            "agg_trade_id": 506682143,
            "price": "0.40400000",
            "quantity": "20000.00000000",
            "first_trade_id": 759226214,
            "last_trade_id": 759226216,
            "timestamp": 1732039975629,
            "isBuyerMaker": true,
            "isBestMatch": true
        },
        {
            "agg_trade_id": 506682144,
            "price": "0.40400000",
            "quantity": "294.00000000",
            "first_trade_id": 759226217,
            "last_trade_id": 759226217,
            "timestamp": 1732039975630,
            "isBuyerMaker": true,
            "isBestMatch": true
        },
        {
            "agg_trade_id": 506682145,
            "price": "0.40400000",
            "quantity": "1862.00000000",
            "first_trade_id": 759226218,
            "last_trade_id": 759226218,
            "timestamp": 1732039975679,
            "isBuyerMaker": true,
            "isBestMatch": true
        },
        {
            "agg_trade_id": 506682146,
            "price": "0.40401000",
            "quantity": "35671.00000000",
            "first_trade_id": 759226219,
            "last_trade_id": 759226223,
            "timestamp": 1732039975728,
            "isBuyerMaker": false,
            "isBestMatch": true
        },
        {
            "agg_trade_id": 506682147,
            "price": "0.40402000",
            "quantity": "10570.00000000",
            "first_trade_id": 759226224,
            "last_trade_id": 759226224,
            "timestamp": 1732039975728,
            "isBuyerMaker": false,
            "isBestMatch": true
        },
        {
            "agg_trade_id": 506682148,
            "price": "0.40403000",
            "quantity": "299.00000000",
            "first_trade_id": 759226225,
            "last_trade_id": 759226225,
            "timestamp": 1732039975728,
            "isBuyerMaker": false,
            "isBestMatch": true
        },
        {
            "agg_trade_id": 506682149,
            "price": "0.40404000",
            "quantity": "6635.00000000",
            "first_trade_id": 759226226,
            "last_trade_id": 759226228,
            "timestamp": 1732039975728,
            "isBuyerMaker": false,
            "isBestMatch": true
        },
        {
            "agg_trade_id": 506682150,
            "price": "0.40405000",
            "quantity": "1702.00000000",
            "first_trade_id": 759226229,
            "last_trade_id": 759226229,
            "timestamp": 1732039975728,
            "isBuyerMaker": false,
            "isBestMatch": true
        },
        {
            "agg_trade_id": 506682151,
            "price": "0.40403000",
            "quantity": "255.00000000",
            "first_trade_id": 759226230,
            "last_trade_id": 759226230,
            "timestamp": 1732039975740,
            "isBuyerMaker": true,
            "isBestMatch": true
        },
        {
            "agg_trade_id": 506682152,
            "price": "0.40404000",
            "quantity": "50.00000000",
            "first_trade_id": 759226231,
            "last_trade_id": 759226231,
            "timestamp": 1732039975813,
            "isBuyerMaker": false,
            "isBestMatch": true
        },
        {
            "agg_trade_id": 506682153,
            "price": "0.40403000",
            "quantity": "195.00000000",
            "first_trade_id": 759226232,
            "last_trade_id": 759226232,
            "timestamp": 1732039975875,
            "isBuyerMaker": true,
            "isBestMatch": true
        },
        {
            "agg_trade_id": 506682154,
            "price": "0.40403000",
            "quantity": "2380.00000000",
            "first_trade_id": 759226233,
            "last_trade_id": 759226233,
            "timestamp": 1732039975977,
            "isBuyerMaker": true,
            "isBestMatch": true
        },
        {
            "agg_trade_id": 506682155,
            "price": "0.40403000",
            "quantity": "10.00000000",
            "first_trade_id": 759226234,
            "last_trade_id": 759226234,
            "timestamp": 1732039975986,
            "isBuyerMaker": true,
            "isBestMatch": true
        },
        {
            "agg_trade_id": 506682156,
            "price": "0.40401000",
            "quantity": "29.00000000",
            "first_trade_id": 759226235,
            "last_trade_id": 759226235,
            "timestamp": 1732039975992,
            "isBuyerMaker": true,
            "isBestMatch": true
        },
        {
            "agg_trade_id": 506682157,
            "price": "0.40401000",
            "quantity": "177.00000000",
            "first_trade_id": 759226236,
            "last_trade_id": 759226236,
            "timestamp": 1732039976131,
            "isBuyerMaker": true,
            "isBestMatch": true
        },
        {
            "agg_trade_id": 506682158,
            "price": "0.40401000",
            "quantity": "73.00000000",
            "first_trade_id": 759226237,
            "last_trade_id": 759226237,
            "timestamp": 1732039976170,
            "isBuyerMaker": true,
            "isBestMatch": true
        },
        {
            "agg_trade_id": 506682159,
            "price": "0.40401000",
            "quantity": "2999.00000000",
            "first_trade_id": 759226238,
            "last_trade_id": 759226240,
            "timestamp": 1732039976172,
            "isBuyerMaker": true,
            "isBestMatch": true
        },
        {
            "agg_trade_id": 506682160,
            "price": "0.40401000",
            "quantity": "24.00000000",
            "first_trade_id": 759226241,
            "last_trade_id": 759226241,
            "timestamp": 1732039976172,
            "isBuyerMaker": true,
            "isBestMatch": true
        },
        {
            "agg_trade_id": 506682161,
            "price": "0.40401000",
            "quantity": "249.00000000",
            "first_trade_id": 759226242,
            "last_trade_id": 759226242,
            "timestamp": 1732039976173,
            "isBuyerMaker": true,
            "isBestMatch": true
        },
        {
            "agg_trade_id": 506682162,
            "price": "0.40401000",
            "quantity": "499.00000000",
            "first_trade_id": 759226243,
            "last_trade_id": 759226243,
            "timestamp": 1732039976235,
            "isBuyerMaker": true,
            "isBestMatch": true
        },
        {
            "agg_trade_id": 506682163,
            "price": "0.40401000",
            "quantity": "298.00000000",
            "first_trade_id": 759226244,
            "last_trade_id": 759226244,
            "timestamp": 1732039976237,
            "isBuyerMaker": true,
            "isBestMatch": true
        },
        {
            "agg_trade_id": 506682164,
            "price": "0.40401000",
            "quantity": "86.00000000",
            "first_trade_id": 759226245,
            "last_trade_id": 759226245,
            "timestamp": 1732039976237,
            "isBuyerMaker": true,
            "isBestMatch": true
        },
        {
            "agg_trade_id": 506682165,
            "price": "0.40401000",
            "quantity": "49.00000000",
            "first_trade_id": 759226246,
            "last_trade_id": 759226246,
            "timestamp": 1732039976266,
            "isBuyerMaker": true,
            "isBestMatch": true
        },
        {
            "agg_trade_id": 506682166,
            "price": "0.40401000",
            "quantity": "26.00000000",
            "first_trade_id": 759226247,
            "last_trade_id": 759226247,
            "timestamp": 1732039976266,
            "isBuyerMaker": true,
            "isBestMatch": true
        },
        {
            "agg_trade_id": 506682167,
            "price": "0.40401000",
            "quantity": "49.00000000",
            "first_trade_id": 759226248,
            "last_trade_id": 759226248,
            "timestamp": 1732039976267,
            "isBuyerMaker": true,
            "isBestMatch": true
        },
        {
            "agg_trade_id": 506682168,
            "price": "0.40401000",
            "quantity": "86.00000000",
            "first_trade_id": 759226249,
            "last_trade_id": 759226249,
            "timestamp": 1732039976267,
            "isBuyerMaker": true,
            "isBestMatch": true
        },
        {
            "agg_trade_id": 506682169,
            "price": "0.40401000",
            "quantity": "76.00000000",
            "first_trade_id": 759226250,
            "last_trade_id": 759226250,
            "timestamp": 1732039976267,
            "isBuyerMaker": true,
            "isBestMatch": true
        },
        {
            "agg_trade_id": 506682170,
            "price": "0.40401000",
            "quantity": "26.00000000",
            "first_trade_id": 759226251,
            "last_trade_id": 759226251,
            "timestamp": 1732039976268,
            "isBuyerMaker": true,
            "isBestMatch": true
        },
        {
            "agg_trade_id": 506682171,
            "price": "0.40401000",
            "quantity": "49.00000000",
            "first_trade_id": 759226252,
            "last_trade_id": 759226252,
            "timestamp": 1732039976268,
            "isBuyerMaker": true,
            "isBestMatch": true
        },
        {
            "agg_trade_id": 506682172,
            "price": "0.40401000",
            "quantity": "124.00000000",
            "first_trade_id": 759226253,
            "last_trade_id": 759226253,
            "timestamp": 1732039976268,
            "isBuyerMaker": true,
            "isBestMatch": true
        },
        {
            "agg_trade_id": 506682173,
            "price": "0.40401000",
            "quantity": "22.00000000",
            "first_trade_id": 759226254,
            "last_trade_id": 759226254,
            "timestamp": 1732039976268,
            "isBuyerMaker": true,
            "isBestMatch": true
        },
        {
            "agg_trade_id": 506682174,
            "price": "0.40401000",
            "quantity": "58.00000000",
            "first_trade_id": 759226255,
            "last_trade_id": 759226255,
            "timestamp": 1732039976269,
            "isBuyerMaker": true,
            "isBestMatch": true
        },
        {
            "agg_trade_id": 506682175,
            "price": "0.40401000",
            "quantity": "73.00000000",
            "first_trade_id": 759226256,
            "last_trade_id": 759226256,
            "timestamp": 1732039976269,
            "isBuyerMaker": true,
            "isBestMatch": true
        },
        {
            "agg_trade_id": 506682176,
            "price": "0.40401000",
            "quantity": "73.00000000",
            "first_trade_id": 759226257,
            "last_trade_id": 759226257,
            "timestamp": 1732039976269,
            "isBuyerMaker": true,
            "isBestMatch": true
        },
        {
            "agg_trade_id": 506682177,
            "price": "0.40401000",
            "quantity": "73.00000000",
            "first_trade_id": 759226258,
            "last_trade_id": 759226258,
            "timestamp": 1732039976269,
            "isBuyerMaker": true,
            "isBestMatch": true
        },
        {
            "agg_trade_id": 506682178,
            "price": "0.40401000",
            "quantity": "59.00000000",
            "first_trade_id": 759226259,
            "last_trade_id": 759226259,
            "timestamp": 1732039976269,
            "isBuyerMaker": true,
            "isBestMatch": true
        },
        {
            "agg_trade_id": 506682179,
            "price": "0.40401000",
            "quantity": "73.00000000",
            "first_trade_id": 759226260,
            "last_trade_id": 759226260,
            "timestamp": 1732039976270,
            "isBuyerMaker": true,
            "isBestMatch": true
        },
        {
            "agg_trade_id": 506682180,
            "price": "0.40401000",
            "quantity": "58.00000000",
            "first_trade_id": 759226261,
            "last_trade_id": 759226261,
            "timestamp": 1732039976270,
            "isBuyerMaker": true,
            "isBestMatch": true
        },
        {
            "agg_trade_id": 506682181,
            "price": "0.40401000",
            "quantity": "49.00000000",
            "first_trade_id": 759226262,
            "last_trade_id": 759226262,
            "timestamp": 1732039976270,
            "isBuyerMaker": true,
            "isBestMatch": true
        },
        {
            "agg_trade_id": 506682182,
            "price": "0.40401000",
            "quantity": "98.00000000",
            "first_trade_id": 759226263,
            "last_trade_id": 759226263,
            "timestamp": 1732039976270,
            "isBuyerMaker": true,
            "isBestMatch": true
        },
        {
            "agg_trade_id": 506682183,
            "price": "0.40401000",
            "quantity": "124.00000000",
            "first_trade_id": 759226264,
            "last_trade_id": 759226264,
            "timestamp": 1732039976270,
            "isBuyerMaker": true,
            "isBestMatch": true
        },
        {
            "agg_trade_id": 506682184,
            "price": "0.40401000",
            "quantity": "374.00000000",
            "first_trade_id": 759226265,
            "last_trade_id": 759226265,
            "timestamp": 1732039976270,
            "isBuyerMaker": true,
            "isBestMatch": true
        },
        {
            "agg_trade_id": 506682185,
            "price": "0.40401000",
            "quantity": "99.00000000",
            "first_trade_id": 759226266,
            "last_trade_id": 759226266,
            "timestamp": 1732039976270,
            "isBuyerMaker": true,
            "isBestMatch": true
        },
        {
            "agg_trade_id": 506682186,
            "price": "0.40401000",
            "quantity": "74.00000000",
            "first_trade_id": 759226267,
            "last_trade_id": 759226267,
            "timestamp": 1732039976270,
            "isBuyerMaker": true,
            "isBestMatch": true
        },
        {
            "agg_trade_id": 506682187,
            "price": "0.40401000",
            "quantity": "49.00000000",
            "first_trade_id": 759226268,
            "last_trade_id": 759226268,
            "timestamp": 1732039976270,
            "isBuyerMaker": true,
            "isBestMatch": true
        },
        {
            "agg_trade_id": 506682188,
            "price": "0.40401000",
            "quantity": "29.00000000",
            "first_trade_id": 759226269,
            "last_trade_id": 759226269,
            "timestamp": 1732039976271,
            "isBuyerMaker": true,
            "isBestMatch": true
        },
        {
            "agg_trade_id": 506682189,
            "price": "0.40401000",
            "quantity": "49.00000000",
            "first_trade_id": 759226270,
            "last_trade_id": 759226270,
            "timestamp": 1732039976271,
            "isBuyerMaker": true,
            "isBestMatch": true
        },
        {
            "agg_trade_id": 506682190,
            "price": "0.40401000",
            "quantity": "52.00000000",
            "first_trade_id": 759226271,
            "last_trade_id": 759226271,
            "timestamp": 1732039976271,
            "isBuyerMaker": true,
            "isBestMatch": true
        },
        {
            "agg_trade_id": 506682191,
            "price": "0.40401000",
            "quantity": "148.00000000",
            "first_trade_id": 759226272,
            "last_trade_id": 759226272,
            "timestamp": 1732039976272,
            "isBuyerMaker": true,
            "isBestMatch": true
        },
        {
            "agg_trade_id": 506682192,
            "price": "0.40401000",
            "quantity": "52.00000000",
            "first_trade_id": 759226273,
            "last_trade_id": 759226273,
            "timestamp": 1732039976272,
            "isBuyerMaker": true,
            "isBestMatch": true
        },
        {
            "agg_trade_id": 506682193,
            "price": "0.40401000",
            "quantity": "25.00000000",
            "first_trade_id": 759226274,
            "last_trade_id": 759226274,
            "timestamp": 1732039976272,
            "isBuyerMaker": true,
            "isBestMatch": true
        },
        {
            "agg_trade_id": 506682194,
            "price": "0.40401000",
            "quantity": "49.00000000",
            "first_trade_id": 759226275,
            "last_trade_id": 759226275,
            "timestamp": 1732039976272,
            "isBuyerMaker": true,
            "isBestMatch": true
        },
        {
            "agg_trade_id": 506682195,
            "price": "0.40401000",
            "quantity": "124.00000000",
            "first_trade_id": 759226276,
            "last_trade_id": 759226276,
            "timestamp": 1732039976272,
            "isBuyerMaker": true,
            "isBestMatch": true
        },
        {
            "agg_trade_id": 506682196,
            "price": "0.40401000",
            "quantity": "373.00000000",
            "first_trade_id": 759226277,
            "last_trade_id": 759226277,
            "timestamp": 1732039976272,
            "isBuyerMaker": true,
            "isBestMatch": true
        },
        {
            "agg_trade_id": 506682197,
            "price": "0.40401000",
            "quantity": "98.00000000",
            "first_trade_id": 759226278,
            "last_trade_id": 759226278,
            "timestamp": 1732039976272,
            "isBuyerMaker": true,
            "isBestMatch": true
        },
        {
            "agg_trade_id": 506682198,
            "price": "0.40401000",
            "quantity": "25.00000000",
            "first_trade_id": 759226279,
            "last_trade_id": 759226279,
            "timestamp": 1732039976272,
            "isBuyerMaker": true,
            "isBestMatch": true
        },
        {
            "agg_trade_id": 506682199,
            "price": "0.40401000",
            "quantity": "148.00000000",
            "first_trade_id": 759226280,
            "last_trade_id": 759226280,
            "timestamp": 1732039976274,
            "isBuyerMaker": true,
            "isBestMatch": true
        },
        {
            "agg_trade_id": 506682200,
            "price": "0.40401000",
            "quantity": "109.00000000",
            "first_trade_id": 759226281,
            "last_trade_id": 759226281,
            "timestamp": 1732039976274,
            "isBuyerMaker": true,
            "isBestMatch": true
        },
        {
            "agg_trade_id": 506682201,
            "price": "0.40401000",
            "quantity": "36.00000000",
            "first_trade_id": 759226282,
            "last_trade_id": 759226282,
            "timestamp": 1732039976274,
            "isBuyerMaker": true,
            "isBestMatch": true
        },
        {
            "agg_trade_id": 506682202,
            "price": "0.40401000",
            "quantity": "12.00000000",
            "first_trade_id": 759226283,
            "last_trade_id": 759226283,
            "timestamp": 1732039976274,
            "isBuyerMaker": true,
            "isBestMatch": true
        },
        {
            "agg_trade_id": 506682203,
            "price": "0.40401000",
            "quantity": "98.00000000",
            "first_trade_id": 759226284,
            "last_trade_id": 759226284,
            "timestamp": 1732039976275,
            "isBuyerMaker": true,
            "isBestMatch": true
        },
        {
            "agg_trade_id": 506682204,
            "price": "0.40401000",
            "quantity": "49.00000000",
            "first_trade_id": 759226285,
            "last_trade_id": 759226285,
            "timestamp": 1732039976275,
            "isBuyerMaker": true,
            "isBestMatch": true
        },
        {
            "agg_trade_id": 506682205,
            "price": "0.40401000",
            "quantity": "99.00000000",
            "first_trade_id": 759226286,
            "last_trade_id": 759226286,
            "timestamp": 1732039976275,
            "isBuyerMaker": true,
            "isBestMatch": true
        },
        {
            "agg_trade_id": 506682206,
            "price": "0.40401000",
            "quantity": "148.00000000",
            "first_trade_id": 759226287,
            "last_trade_id": 759226287,
            "timestamp": 1732039976275,
            "isBuyerMaker": true,
            "isBestMatch": true
        },
        {
            "agg_trade_id": 506682207,
            "price": "0.40401000",
            "quantity": "52.00000000",
            "first_trade_id": 759226288,
            "last_trade_id": 759226288,
            "timestamp": 1732039976275,
            "isBuyerMaker": true,
            "isBestMatch": true
        },
        {
            "agg_trade_id": 506682208,
            "price": "0.40401000",
            "quantity": "97.00000000",
            "first_trade_id": 759226289,
            "last_trade_id": 759226289,
            "timestamp": 1732039976276,
            "isBuyerMaker": true,
            "isBestMatch": true
        },
        {
            "agg_trade_id": 506682209,
            "price": "0.40401000",
            "quantity": "73.00000000",
            "first_trade_id": 759226290,
            "last_trade_id": 759226290,
            "timestamp": 1732039976276,
            "isBuyerMaker": true,
            "isBestMatch": true
        },
        {
            "agg_trade_id": 506682210,
            "price": "0.40401000",
            "quantity": "73.00000000",
            "first_trade_id": 759226291,
            "last_trade_id": 759226291,
            "timestamp": 1732039976277,
            "isBuyerMaker": true,
            "isBestMatch": true
        },
        {
            "agg_trade_id": 506682211,
            "price": "0.40401000",
            "quantity": "98.00000000",
            "first_trade_id": 759226292,
            "last_trade_id": 759226292,
            "timestamp": 1732039976277,
            "isBuyerMaker": true,
            "isBestMatch": true
        },
        {
            "agg_trade_id": 506682212,
            "price": "0.40401000",
            "quantity": "61.00000000",
            "first_trade_id": 759226293,
            "last_trade_id": 759226293,
            "timestamp": 1732039976277,
            "isBuyerMaker": true,
            "isBestMatch": true
        },
        {
            "agg_trade_id": 506682213,
            "price": "0.40401000",
            "quantity": "73.00000000",
            "first_trade_id": 759226294,
            "last_trade_id": 759226294,
            "timestamp": 1732039976364,
            "isBuyerMaker": true,
            "isBestMatch": true
        },
        {
            "agg_trade_id": 506682214,
            "price": "0.40401000",
            "quantity": "58.00000000",
            "first_trade_id": 759226295,
            "last_trade_id": 759226295,
            "timestamp": 1732039976366,
            "isBuyerMaker": true,
            "isBestMatch": true
        },
        {
            "agg_trade_id": 506682215,
            "price": "0.40401000",
            "quantity": "58.00000000",
            "first_trade_id": 759226296,
            "last_trade_id": 759226296,
            "timestamp": 1732039976366,
            "isBuyerMaker": true,
            "isBestMatch": true
        },
        {
            "agg_trade_id": 506682216,
            "price": "0.40401000",
            "quantity": "198.00000000",
            "first_trade_id": 759226297,
            "last_trade_id": 759226297,
            "timestamp": 1732039976366,
            "isBuyerMaker": true,
            "isBestMatch": true
        },
        {
            "agg_trade_id": 506682217,
            "price": "0.40401000",
            "quantity": "36.00000000",
            "first_trade_id": 759226298,
            "last_trade_id": 759226298,
            "timestamp": 1732039976366,
            "isBuyerMaker": true,
            "isBestMatch": true
        },
        {
            "agg_trade_id": 506682218,
            "price": "0.40401000",
            "quantity": "12.00000000",
            "first_trade_id": 759226299,
            "last_trade_id": 759226299,
            "timestamp": 1732039976367,
            "isBuyerMaker": true,
            "isBestMatch": true
        },
        {
            "agg_trade_id": 506682219,
            "price": "0.40401000",
            "quantity": "49.00000000",
            "first_trade_id": 759226300,
            "last_trade_id": 759226300,
            "timestamp": 1732039976368,
            "isBuyerMaker": true,
            "isBestMatch": true
        },
        {
            "agg_trade_id": 506682220,
            "price": "0.40401000",
            "quantity": "52.00000000",
            "first_trade_id": 759226301,
            "last_trade_id": 759226301,
            "timestamp": 1732039976368,
            "isBuyerMaker": true,
            "isBestMatch": true
        },
        {
            "agg_trade_id": 506682221,
            "price": "0.40401000",
            "quantity": "50.00000000",
            "first_trade_id": 759226302,
            "last_trade_id": 759226302,
            "timestamp": 1732039976369,
            "isBuyerMaker": true,
            "isBestMatch": true
        },
        {
            "agg_trade_id": 506682222,
            "price": "0.40401000",
            "quantity": "36.00000000",
            "first_trade_id": 759226303,
            "last_trade_id": 759226303,
            "timestamp": 1732039976371,
            "isBuyerMaker": true,
            "isBestMatch": true
        },
        {
            "agg_trade_id": 506682223,
            "price": "0.40401000",
            "quantity": "98.00000000",
            "first_trade_id": 759226304,
            "last_trade_id": 759226304,
            "timestamp": 1732039976373,
            "isBuyerMaker": true,
            "isBestMatch": true
        },
        {
            "agg_trade_id": 506682224,
            "price": "0.40401000",
            "quantity": "73.00000000",
            "first_trade_id": 759226305,
            "last_trade_id": 759226305,
            "timestamp": 1732039976375,
            "isBuyerMaker": true,
            "isBestMatch": true
        },
        {
            "agg_trade_id": 506682225,
            "price": "0.40401000",
            "quantity": "37.00000000",
            "first_trade_id": 759226306,
            "last_trade_id": 759226306,
            "timestamp": 1732039976385,
            "isBuyerMaker": true,
            "isBestMatch": true
        },
        {
            "agg_trade_id": 506682226,
            "price": "0.40401000",
            "quantity": "148.00000000",
            "first_trade_id": 759226307,
            "last_trade_id": 759226307,
            "timestamp": 1732039976439,
            "isBuyerMaker": true,
            "isBestMatch": true
        },
        {
            "agg_trade_id": 506682227,
            "price": "0.40401000",
            "quantity": "25.00000000",
            "first_trade_id": 759226308,
            "last_trade_id": 759226308,
            "timestamp": 1732039976474,
            "isBuyerMaker": true,
            "isBestMatch": true
        },
        {
            "agg_trade_id": 506682228,
            "price": "0.40401000",
            "quantity": "98.00000000",
            "first_trade_id": 759226309,
            "last_trade_id": 759226309,
            "timestamp": 1732039976478,
            "isBuyerMaker": true,
            "isBestMatch": true
        },
        {
            "agg_trade_id": 506682229,
            "price": "0.40401000",
            "quantity": "73.00000000",
            "first_trade_id": 759226310,
            "last_trade_id": 759226310,
            "timestamp": 1732039976479,
            "isBuyerMaker": true,
            "isBestMatch": true
        },
        {
            "agg_trade_id": 506682230,
            "price": "0.40401000",
            "quantity": "75.00000000",
            "first_trade_id": 759226311,
            "last_trade_id": 759226311,
            "timestamp": 1732039976548,
            "isBuyerMaker": true,
            "isBestMatch": true
        },
        {
            "agg_trade_id": 506682231,
            "price": "0.40401000",
            "quantity": "351.00000000",
            "first_trade_id": 759226312,
            "last_trade_id": 759226315,
            "timestamp": 1732039976690,
            "isBuyerMaker": true,
            "isBestMatch": true
        },
        {
            "agg_trade_id": 506682232,
            "price": "0.40401000",
            "quantity": "27.00000000",
            "first_trade_id": 759226316,
            "last_trade_id": 759226324,
            "timestamp": 1732039976690,
            "isBuyerMaker": true,
            "isBestMatch": true
        },
        {
            "agg_trade_id": 506682233,
            "price": "0.40400000",
            "quantity": "3506.00000000",
            "first_trade_id": 759226325,
            "last_trade_id": 759226335,
            "timestamp": 1732039976690,
            "isBuyerMaker": true,
            "isBestMatch": true
        },
        {
            "agg_trade_id": 506682234,
            "price": "0.40398000",
            "quantity": "29.00000000",
            "first_trade_id": 759226336,
            "last_trade_id": 759226336,
            "timestamp": 1732039976692,
            "isBuyerMaker": true,
            "isBestMatch": true
        },
        {
            "agg_trade_id": 506682235,
            "price": "0.40397000",
            "quantity": "494.00000000",
            "first_trade_id": 759226337,
            "last_trade_id": 759226337,
            "timestamp": 1732039976752,
            "isBuyerMaker": false,
            "isBestMatch": true
        },
        {
            "agg_trade_id": 506682236,
            "price": "0.40396000",
            "quantity": "29.00000000",
            "first_trade_id": 759226338,
            "last_trade_id": 759226338,
            "timestamp": 1732039976772,
            "isBuyerMaker": true,
            "isBestMatch": true
        },
        {
            "agg_trade_id": 506682237,
            "price": "0.40396000",
            "quantity": "29.00000000",
            "first_trade_id": 759226339,
            "last_trade_id": 759226339,
            "timestamp": 1732039976772,
            "isBuyerMaker": true,
            "isBestMatch": true
        },
        {
            "agg_trade_id": 506682238,
            "price": "0.40396000",
            "quantity": "29.00000000",
            "first_trade_id": 759226340,
            "last_trade_id": 759226340,
            "timestamp": 1732039976772,
            "isBuyerMaker": true,
            "isBestMatch": true
        },
        {
            "agg_trade_id": 506682239,
            "price": "0.40396000",
            "quantity": "29.00000000",
            "first_trade_id": 759226341,
            "last_trade_id": 759226341,
            "timestamp": 1732039976772,
            "isBuyerMaker": true,
            "isBestMatch": true
        },
        {
            "agg_trade_id": 506682240,
            "price": "0.40396000",
            "quantity": "29.00000000",
            "first_trade_id": 759226342,
            "last_trade_id": 759226342,
            "timestamp": 1732039976772,
            "isBuyerMaker": true,
            "isBestMatch": true
        },
        {
            "agg_trade_id": 506682241,
            "price": "0.40396000",
            "quantity": "13.00000000",
            "first_trade_id": 759226343,
            "last_trade_id": 759226343,
            "timestamp": 1732039976772,
            "isBuyerMaker": true,
            "isBestMatch": true
        },
        {
            "agg_trade_id": 506682242,
            "price": "0.40394000",
            "quantity": "16.00000000",
            "first_trade_id": 759226344,
            "last_trade_id": 759226344,
            "timestamp": 1732039976772,
            "isBuyerMaker": true,
            "isBestMatch": true
        },
        {
            "agg_trade_id": 506682243,
            "price": "0.40395000",
            "quantity": "9902.00000000",
            "first_trade_id": 759226345,
            "last_trade_id": 759226346,
            "timestamp": 1732039976775,
            "isBuyerMaker": false,
            "isBestMatch": true
        },
        {
            "agg_trade_id": 506682244,
            "price": "0.40395000",
            "quantity": "12208.00000000",
            "first_trade_id": 759226347,
            "last_trade_id": 759226348,
            "timestamp": 1732039976798,
            "isBuyerMaker": false,
            "isBestMatch": true
        },
        {
            "agg_trade_id": 506682245,
            "price": "0.40394000",
            "quantity": "81.00000000",
            "first_trade_id": 759226349,
            "last_trade_id": 759226350,
            "timestamp": 1732039976813,
            "isBuyerMaker": true,
            "isBestMatch": true
        },
        {
            "agg_trade_id": 506682246,
            "price": "0.40394000",
            "quantity": "1407.00000000",
            "first_trade_id": 759226351,
            "last_trade_id": 759226353,
            "timestamp": 1732039976831,
            "isBuyerMaker": true,
            "isBestMatch": true
        },
        {
            "agg_trade_id": 506682247,
            "price": "0.40394000",
            "quantity": "51.00000000",
            "first_trade_id": 759226354,
            "last_trade_id": 759226354,
            "timestamp": 1732039976836,
            "isBuyerMaker": true,
            "isBestMatch": true
        },
        {
            "agg_trade_id": 506682248,
            "price": "0.40394000",
            "quantity": "50.00000000",
            "first_trade_id": 759226355,
            "last_trade_id": 759226355,
            "timestamp": 1732039976860,
            "isBuyerMaker": true,
            "isBestMatch": true
        },
        {
            "agg_trade_id": 506682249,
            "price": "0.40395000",
            "quantity": "5.00000000",
            "first_trade_id": 759226356,
            "last_trade_id": 759226356,
            "timestamp": 1732039976891,
            "isBuyerMaker": false,
            "isBestMatch": true
        },
        {
            "agg_trade_id": 506682250,
            "price": "0.40395000",
            "quantity": "96.00000000",
            "first_trade_id": 759226357,
            "last_trade_id": 759226357,
            "timestamp": 1732039976940,
            "isBuyerMaker": false,
            "isBestMatch": true
        },
        {
            "agg_trade_id": 506682251,
            "price": "0.40395000",
            "quantity": "15.00000000",
            "first_trade_id": 759226358,
            "last_trade_id": 759226358,
            "timestamp": 1732039977075,
            "isBuyerMaker": false,
            "isBestMatch": true
        },
        {
            "agg_trade_id": 506682252,
            "price": "0.40395000",
            "quantity": "3832.00000000",
            "first_trade_id": 759226359,
            "last_trade_id": 759226361,
            "timestamp": 1732039977321,
            "isBuyerMaker": true,
            "isBestMatch": true
        },
        {
            "agg_trade_id": 506682253,
            "price": "0.40396000",
            "quantity": "2514.00000000",
            "first_trade_id": 759226362,
            "last_trade_id": 759226364,
            "timestamp": 1732039977342,
            "isBuyerMaker": false,
            "isBestMatch": true
        },
        {
            "agg_trade_id": 506682254,
            "price": "0.40396000",
            "quantity": "49.00000000",
            "first_trade_id": 759226365,
            "last_trade_id": 759226365,
            "timestamp": 1732039977367,
            "isBuyerMaker": false,
            "isBestMatch": true
        },
        {
            "agg_trade_id": 506682255,
            "price": "0.40395000",
            "quantity": "13457.00000000",
            "first_trade_id": 759226366,
            "last_trade_id": 759226366,
            "timestamp": 1732039977459,
            "isBuyerMaker": true,
            "isBestMatch": true
        },
        {
            "agg_trade_id": 506682256,
            "price": "0.40394000",
            "quantity": "29.00000000",
            "first_trade_id": 759226367,
            "last_trade_id": 759226367,
            "timestamp": 1732039977461,
            "isBuyerMaker": true,
            "isBestMatch": true
        },
        {
            "agg_trade_id": 506682257,
            "price": "0.40393000",
            "quantity": "29.00000000",
            "first_trade_id": 759226368,
            "last_trade_id": 759226368,
            "timestamp": 1732039977467,
            "isBuyerMaker": true,
            "isBestMatch": true
        },
        {
            "agg_trade_id": 506682258,
            "price": "0.40393000",
            "quantity": "2380.00000000",
            "first_trade_id": 759226369,
            "last_trade_id": 759226372,
            "timestamp": 1732039977572,
            "isBuyerMaker": true,
            "isBestMatch": true
        },
        {
            "agg_trade_id": 506682259,
            "price": "0.40393000",
            "quantity": "2299.00000000",
            "first_trade_id": 759226373,
            "last_trade_id": 759226383,
            "timestamp": 1732039977580,
            "isBuyerMaker": true,
            "isBestMatch": true
        },
        {
            "agg_trade_id": 506682260,
            "price": "0.40392000",
            "quantity": "1456.00000000",
            "first_trade_id": 759226384,
            "last_trade_id": 759226384,
            "timestamp": 1732039977580,
            "isBuyerMaker": true,
            "isBestMatch": true
        },
        {
            "agg_trade_id": 506682261,
            "price": "0.40393000",
            "quantity": "2057.00000000",
            "first_trade_id": 759226385,
            "last_trade_id": 759226385,
            "timestamp": 1732039977597,
            "isBuyerMaker": false,
            "isBestMatch": true
        },
        {
            "agg_trade_id": 506682262,
            "price": "0.40392000",
            "quantity": "7915.00000000",
            "first_trade_id": 759226386,
            "last_trade_id": 759226399,
            "timestamp": 1732039977636,
            "isBuyerMaker": true,
            "isBestMatch": true
        },
        {
            "agg_trade_id": 506682263,
            "price": "0.40391000",
            "quantity": "29.00000000",
            "first_trade_id": 759226400,
            "last_trade_id": 759226400,
            "timestamp": 1732039977639,
            "isBuyerMaker": true,
            "isBestMatch": true
        },
        {
            "agg_trade_id": 506682264,
            "price": "0.40391000",
            "quantity": "29.00000000",
            "first_trade_id": 759226401,
            "last_trade_id": 759226401,
            "timestamp": 1732039977639,
            "isBuyerMaker": true,
            "isBestMatch": true
        },
        {
            "agg_trade_id": 506682265,
            "price": "0.40391000",
            "quantity": "29.00000000",
            "first_trade_id": 759226402,
            "last_trade_id": 759226402,
            "timestamp": 1732039977639,
            "isBuyerMaker": true,
            "isBestMatch": true
        },
        {
            "agg_trade_id": 506682266,
            "price": "0.40391000",
            "quantity": "29.00000000",
            "first_trade_id": 759226403,
            "last_trade_id": 759226403,
            "timestamp": 1732039977639,
            "isBuyerMaker": true,
            "isBestMatch": true
        },
        {
            "agg_trade_id": 506682267,
            "price": "0.40391000",
            "quantity": "29.00000000",
            "first_trade_id": 759226404,
            "last_trade_id": 759226404,
            "timestamp": 1732039977639,
            "isBuyerMaker": true,
            "isBestMatch": true
        },
        {
            "agg_trade_id": 506682268,
            "price": "0.40391000",
            "quantity": "29.00000000",
            "first_trade_id": 759226405,
            "last_trade_id": 759226406,
            "timestamp": 1732039977639,
            "isBuyerMaker": true,
            "isBestMatch": true
        },
        {
            "agg_trade_id": 506682269,
            "price": "0.40391000",
            "quantity": "17.00000000",
            "first_trade_id": 759226407,
            "last_trade_id": 759226408,
            "timestamp": 1732039977639,
            "isBuyerMaker": true,
            "isBestMatch": true
        },
        {
            "agg_trade_id": 506682270,
            "price": "0.40390000",
            "quantity": "12.00000000",
            "first_trade_id": 759226409,
            "last_trade_id": 759226409,
            "timestamp": 1732039977639,
            "isBuyerMaker": true,
            "isBestMatch": true
        },
        {
            "agg_trade_id": 506682271,
            "price": "0.40391000",
            "quantity": "13.00000000",
            "first_trade_id": 759226410,
            "last_trade_id": 759226410,
            "timestamp": 1732039977853,
            "isBuyerMaker": false,
            "isBestMatch": true
        },
        {
            "agg_trade_id": 506682272,
            "price": "0.40391000",
            "quantity": "74.00000000",
            "first_trade_id": 759226411,
            "last_trade_id": 759226411,
            "timestamp": 1732039977948,
            "isBuyerMaker": false,
            "isBestMatch": true
        },
        {
            "agg_trade_id": 506682273,
            "price": "0.40391000",
            "quantity": "3316.00000000",
            "first_trade_id": 759226412,
            "last_trade_id": 759226420,
            "timestamp": 1732039978096,
            "isBuyerMaker": false,
            "isBestMatch": true
        },
        {
            "agg_trade_id": 506682274,
            "price": "0.40392000",
            "quantity": "4095.00000000",
            "first_trade_id": 759226421,
            "last_trade_id": 759226423,
            "timestamp": 1732039978096,
            "isBuyerMaker": false,
            "isBestMatch": true
        },
        {
            "agg_trade_id": 506682275,
            "price": "0.40391000",
            "quantity": "35.00000000",
            "first_trade_id": 759226424,
            "last_trade_id": 759226424,
            "timestamp": 1732039978139,
            "isBuyerMaker": true,
            "isBestMatch": true
        },
        {
            "agg_trade_id": 506682276,
            "price": "0.40392000",
            "quantity": "48.00000000",
            "first_trade_id": 759226425,
            "last_trade_id": 759226440,
            "timestamp": 1732039978245,
            "isBuyerMaker": false,
            "isBestMatch": true
        },
        {
            "agg_trade_id": 506682277,
            "price": "0.40393000",
            "quantity": "28.00000000",
            "first_trade_id": 759226441,
            "last_trade_id": 759226441,
            "timestamp": 1732039978247,
            "isBuyerMaker": false,
            "isBestMatch": true
        },
        {
            "agg_trade_id": 506682278,
            "price": "0.40393000",
            "quantity": "28.00000000",
            "first_trade_id": 759226442,
            "last_trade_id": 759226442,
            "timestamp": 1732039978247,
            "isBuyerMaker": false,
            "isBestMatch": true
        },
        {
            "agg_trade_id": 506682279,
            "price": "0.40393000",
            "quantity": "28.00000000",
            "first_trade_id": 759226443,
            "last_trade_id": 759226443,
            "timestamp": 1732039978247,
            "isBuyerMaker": false,
            "isBestMatch": true
        },
        {
            "agg_trade_id": 506682280,
            "price": "0.40393000",
            "quantity": "28.00000000",
            "first_trade_id": 759226444,
            "last_trade_id": 759226444,
            "timestamp": 1732039978247,
            "isBuyerMaker": false,
            "isBestMatch": true
        },
        {
            "agg_trade_id": 506682281,
            "price": "0.40393000",
            "quantity": "2.00000000",
            "first_trade_id": 759226445,
            "last_trade_id": 759226445,
            "timestamp": 1732039978247,
            "isBuyerMaker": false,
            "isBestMatch": true
        },
        {
            "agg_trade_id": 506682282,
            "price": "0.40395000",
            "quantity": "26.00000000",
            "first_trade_id": 759226446,
            "last_trade_id": 759226446,
            "timestamp": 1732039978247,
            "isBuyerMaker": false,
            "isBestMatch": true
        },
        {
            "agg_trade_id": 506682283,
            "price": "0.40395000",
            "quantity": "587.00000000",
            "first_trade_id": 759226447,
            "last_trade_id": 759226447,
            "timestamp": 1732039978335,
            "isBuyerMaker": false,
            "isBestMatch": true
        },
        {
            "agg_trade_id": 506682284,
            "price": "0.40395000",
            "quantity": "1203.00000000",
            "first_trade_id": 759226448,
            "last_trade_id": 759226448,
            "timestamp": 1732039978339,
            "isBuyerMaker": false,
            "isBestMatch": true
        },
        {
            "agg_trade_id": 506682285,
            "price": "0.40394000",
            "quantity": "342.00000000",
            "first_trade_id": 759226449,
            "last_trade_id": 759226449,
            "timestamp": 1732039978456,
            "isBuyerMaker": true,
            "isBestMatch": true
        },
        {
            "agg_trade_id": 506682286,
            "price": "0.40395000",
            "quantity": "10.00000000",
            "first_trade_id": 759226450,
            "last_trade_id": 759226450,
            "timestamp": 1732039978763,
            "isBuyerMaker": false,
            "isBestMatch": true
        },
        {
            "agg_trade_id": 506682287,
            "price": "0.40394000",
            "quantity": "805.00000000",
            "first_trade_id": 759226451,
            "last_trade_id": 759226451,
            "timestamp": 1732039978815,
            "isBuyerMaker": true,
            "isBestMatch": true
        },
        {
            "agg_trade_id": 506682288,
            "price": "0.40395000",
            "quantity": "3957.00000000",
            "first_trade_id": 759226452,
            "last_trade_id": 759226455,
            "timestamp": 1732039979032,
            "isBuyerMaker": false,
            "isBestMatch": true
        },
        {
            "agg_trade_id": 506682289,
            "price": "0.40394000",
            "quantity": "5000.00000000",
            "first_trade_id": 759226456,
            "last_trade_id": 759226456,
            "timestamp": 1732039979042,
            "isBuyerMaker": true,
            "isBestMatch": true
        },
        {
            "agg_trade_id": 506682290,
            "price": "0.40394000",
            "quantity": "10000.00000000",
            "first_trade_id": 759226457,
            "last_trade_id": 759226457,
            "timestamp": 1732039979042,
            "isBuyerMaker": true,
            "isBestMatch": true
        },
        {
            "agg_trade_id": 506682291,
            "price": "0.40394000",
            "quantity": "19997.00000000",
            "first_trade_id": 759226458,
            "last_trade_id": 759226462,
            "timestamp": 1732039979044,
            "isBuyerMaker": true,
            "isBestMatch": true
        },
        {
            "agg_trade_id": 506682292,
            "price": "0.40394000",
            "quantity": "465.00000000",
            "first_trade_id": 759226463,
            "last_trade_id": 759226472,
            "timestamp": 1732039979044,
            "isBuyerMaker": true,
            "isBestMatch": true
        },
        {
            "agg_trade_id": 506682293,
            "price": "0.40393000",
            "quantity": "30.00000000",
            "first_trade_id": 759226473,
            "last_trade_id": 759226482,
            "timestamp": 1732039979047,
            "isBuyerMaker": true,
            "isBestMatch": true
        },
        {
            "agg_trade_id": 506682294,
            "price": "0.40391000",
            "quantity": "29.00000000",
            "first_trade_id": 759226483,
            "last_trade_id": 759226483,
            "timestamp": 1732039979048,
            "isBuyerMaker": true,
            "isBestMatch": true
        },
        {
            "agg_trade_id": 506682295,
            "price": "0.40391000",
            "quantity": "29.00000000",
            "first_trade_id": 759226484,
            "last_trade_id": 759226484,
            "timestamp": 1732039979053,
            "isBuyerMaker": true,
            "isBestMatch": true
        },
        {
            "agg_trade_id": 506682296,
            "price": "0.40391000",
            "quantity": "29.00000000",
            "first_trade_id": 759226485,
            "last_trade_id": 759226485,
            "timestamp": 1732039979053,
            "isBuyerMaker": true,
            "isBestMatch": true
        },
        {
            "agg_trade_id": 506682297,
            "price": "0.40391000",
            "quantity": "29.00000000",
            "first_trade_id": 759226486,
            "last_trade_id": 759226486,
            "timestamp": 1732039979053,
            "isBuyerMaker": true,
            "isBestMatch": true
        },
        {
            "agg_trade_id": 506682298,
            "price": "0.40391000",
            "quantity": "29.00000000",
            "first_trade_id": 759226487,
            "last_trade_id": 759226487,
            "timestamp": 1732039979053,
            "isBuyerMaker": true,
            "isBestMatch": true
        },
        {
            "agg_trade_id": 506682299,
            "price": "0.40391000",
            "quantity": "29.00000000",
            "first_trade_id": 759226488,
            "last_trade_id": 759226488,
            "timestamp": 1732039979053,
            "isBuyerMaker": true,
            "isBestMatch": true
        },
        {
            "agg_trade_id": 506682300,
            "price": "0.40391000",
            "quantity": "29.00000000",
            "first_trade_id": 759226489,
            "last_trade_id": 759226489,
            "timestamp": 1732039979053,
            "isBuyerMaker": true,
            "isBestMatch": true
        },
        {
            "agg_trade_id": 506682301,
            "price": "0.40391000",
            "quantity": "29.00000000",
            "first_trade_id": 759226490,
            "last_trade_id": 759226490,
            "timestamp": 1732039979053,
            "isBuyerMaker": true,
            "isBestMatch": true
        },
        {
            "agg_trade_id": 506682302,
            "price": "0.40391000",
            "quantity": "29.00000000",
            "first_trade_id": 759226491,
            "last_trade_id": 759226491,
            "timestamp": 1732039979053,
            "isBuyerMaker": true,
            "isBestMatch": true
        },
        {
            "agg_trade_id": 506682303,
            "price": "0.40391000",
            "quantity": "29.00000000",
            "first_trade_id": 759226492,
            "last_trade_id": 759226492,
            "timestamp": 1732039979053,
            "isBuyerMaker": true,
            "isBestMatch": true
        },
        {
            "agg_trade_id": 506682304,
            "price": "0.40391000",
            "quantity": "29.00000000",
            "first_trade_id": 759226493,
            "last_trade_id": 759226493,
            "timestamp": 1732039979053,
            "isBuyerMaker": true,
            "isBestMatch": true
        },
        {
            "agg_trade_id": 506682305,
            "price": "0.40391000",
            "quantity": "29.00000000",
            "first_trade_id": 759226494,
            "last_trade_id": 759226494,
            "timestamp": 1732039979053,
            "isBuyerMaker": true,
            "isBestMatch": true
        },
        {
            "agg_trade_id": 506682306,
            "price": "0.40391000",
            "quantity": "29.00000000",
            "first_trade_id": 759226495,
            "last_trade_id": 759226495,
            "timestamp": 1732039979053,
            "isBuyerMaker": true,
            "isBestMatch": true
        },
        {
            "agg_trade_id": 506682307,
            "price": "0.40391000",
            "quantity": "29.00000000",
            "first_trade_id": 759226496,
            "last_trade_id": 759226496,
            "timestamp": 1732039979053,
            "isBuyerMaker": true,
            "isBestMatch": true
        },
        {
            "agg_trade_id": 506682308,
            "price": "0.40391000",
            "quantity": "29.00000000",
            "first_trade_id": 759226497,
            "last_trade_id": 759226497,
            "timestamp": 1732039979053,
            "isBuyerMaker": true,
            "isBestMatch": true
        },
        {
            "agg_trade_id": 506682309,
            "price": "0.40391000",
            "quantity": "29.00000000",
            "first_trade_id": 759226498,
            "last_trade_id": 759226498,
            "timestamp": 1732039979053,
            "isBuyerMaker": true,
            "isBestMatch": true
        },
        {
            "agg_trade_id": 506682310,
            "price": "0.40391000",
            "quantity": "29.00000000",
            "first_trade_id": 759226499,
            "last_trade_id": 759226499,
            "timestamp": 1732039979053,
            "isBuyerMaker": true,
            "isBestMatch": true
        },
        {
            "agg_trade_id": 506682311,
            "price": "0.40391000",
            "quantity": "29.00000000",
            "first_trade_id": 759226500,
            "last_trade_id": 759226500,
            "timestamp": 1732039979053,
            "isBuyerMaker": true,
            "isBestMatch": true
        },
        {
            "agg_trade_id": 506682312,
            "price": "0.40391000",
            "quantity": "29.00000000",
            "first_trade_id": 759226501,
            "last_trade_id": 759226501,
            "timestamp": 1732039979053,
            "isBuyerMaker": true,
            "isBestMatch": true
        },
        {
            "agg_trade_id": 506682313,
            "price": "0.40391000",
            "quantity": "29.00000000",
            "first_trade_id": 759226502,
            "last_trade_id": 759226502,
            "timestamp": 1732039979054,
            "isBuyerMaker": true,
            "isBestMatch": true
        },
        {
            "agg_trade_id": 506682314,
            "price": "0.40391000",
            "quantity": "29.00000000",
            "first_trade_id": 759226503,
            "last_trade_id": 759226503,
            "timestamp": 1732039979054,
            "isBuyerMaker": true,
            "isBestMatch": true
        },
        {
            "agg_trade_id": 506682315,
            "price": "0.40391000",
            "quantity": "29.00000000",
            "first_trade_id": 759226504,
            "last_trade_id": 759226504,
            "timestamp": 1732039979054,
            "isBuyerMaker": true,
            "isBestMatch": true
        },
        {
            "agg_trade_id": 506682316,
            "price": "0.40391000",
            "quantity": "29.00000000",
            "first_trade_id": 759226505,
            "last_trade_id": 759226505,
            "timestamp": 1732039979054,
            "isBuyerMaker": true,
            "isBestMatch": true
        },
        {
            "agg_trade_id": 506682317,
            "price": "0.40391000",
            "quantity": "29.00000000",
            "first_trade_id": 759226506,
            "last_trade_id": 759226506,
            "timestamp": 1732039979054,
            "isBuyerMaker": true,
            "isBestMatch": true
        },
        {
            "agg_trade_id": 506682318,
            "price": "0.40391000",
            "quantity": "29.00000000",
            "first_trade_id": 759226507,
            "last_trade_id": 759226507,
            "timestamp": 1732039979054,
            "isBuyerMaker": true,
            "isBestMatch": true
        },
        {
            "agg_trade_id": 506682319,
            "price": "0.40390000",
            "quantity": "29.00000000",
            "first_trade_id": 759226508,
            "last_trade_id": 759226508,
            "timestamp": 1732039979090,
            "isBuyerMaker": true,
            "isBestMatch": true
        },
        {
            "agg_trade_id": 506682320,
            "price": "0.40391000",
            "quantity": "26663.00000000",
            "first_trade_id": 759226509,
            "last_trade_id": 759226514,
            "timestamp": 1732039979132,
            "isBuyerMaker": false,
            "isBestMatch": true
        },
        {
            "agg_trade_id": 506682321,
            "price": "0.40395000",
            "quantity": "1706.00000000",
            "first_trade_id": 759226515,
            "last_trade_id": 759226516,
            "timestamp": 1732039979135,
            "isBuyerMaker": false,
            "isBestMatch": true
        },
        {
            "agg_trade_id": 506682322,
            "price": "0.40396000",
            "quantity": "618.00000000",
            "first_trade_id": 759226517,
            "last_trade_id": 759226517,
            "timestamp": 1732039979143,
            "isBuyerMaker": false,
            "isBestMatch": true
        },
        {
            "agg_trade_id": 506682323,
            "price": "0.40399000",
            "quantity": "5000.00000000",
            "first_trade_id": 759226518,
            "last_trade_id": 759226518,
            "timestamp": 1732039979157,
            "isBuyerMaker": false,
            "isBestMatch": true
        },
        {
            "agg_trade_id": 506682324,
            "price": "0.40399000",
            "quantity": "34.00000000",
            "first_trade_id": 759226519,
            "last_trade_id": 759226519,
            "timestamp": 1732039979157,
            "isBuyerMaker": false,
            "isBestMatch": true
        },
        {
            "agg_trade_id": 506682325,
            "price": "0.40399000",
            "quantity": "2526.00000000",
            "first_trade_id": 759226520,
            "last_trade_id": 759226521,
            "timestamp": 1732039979158,
            "isBuyerMaker": false,
            "isBestMatch": true
        },
        {
            "agg_trade_id": 506682326,
            "price": "0.40401000",
            "quantity": "2393.00000000",
            "first_trade_id": 759226522,
            "last_trade_id": 759226522,
            "timestamp": 1732039979158,
            "isBuyerMaker": false,
            "isBestMatch": true
        },
        {
            "agg_trade_id": 506682327,
            "price": "0.40403000",
            "quantity": "2266.00000000",
            "first_trade_id": 759226523,
            "last_trade_id": 759226523,
            "timestamp": 1732039979158,
            "isBuyerMaker": false,
            "isBestMatch": true
        },
        {
            "agg_trade_id": 506682328,
            "price": "0.40404000",
            "quantity": "2266.00000000",
            "first_trade_id": 759226524,
            "last_trade_id": 759226524,
            "timestamp": 1732039979158,
            "isBuyerMaker": false,
            "isBestMatch": true
        },
        {
            "agg_trade_id": 506682329,
            "price": "0.40405000",
            "quantity": "549.00000000",
            "first_trade_id": 759226525,
            "last_trade_id": 759226525,
            "timestamp": 1732039979158,
            "isBuyerMaker": false,
            "isBestMatch": true
        },
        {
            "agg_trade_id": 506682330,
            "price": "0.40401000",
            "quantity": "26.00000000",
            "first_trade_id": 759226526,
            "last_trade_id": 759226534,
            "timestamp": 1732039979181,
            "isBuyerMaker": false,
            "isBestMatch": true
        },
        {
            "agg_trade_id": 506682331,
            "price": "0.40400000",
            "quantity": "30.00000000",
            "first_trade_id": 759226535,
            "last_trade_id": 759226544,
            "timestamp": 1732039979182,
            "isBuyerMaker": false,
            "isBestMatch": true
        },
        {
            "agg_trade_id": 506682332,
            "price": "0.40401000",
            "quantity": "4.00000000",
            "first_trade_id": 759226545,
            "last_trade_id": 759226546,
            "timestamp": 1732039979182,
            "isBuyerMaker": false,
            "isBestMatch": true
        },
        {
            "agg_trade_id": 506682333,
            "price": "0.40405000",
            "quantity": "40.00000000",
            "first_trade_id": 759226547,
            "last_trade_id": 759226547,
            "timestamp": 1732039979182,
            "isBuyerMaker": false,
            "isBestMatch": true
        },
        {
            "agg_trade_id": 506682334,
            "price": "0.40405000",
            "quantity": "37.00000000",
            "first_trade_id": 759226548,
            "last_trade_id": 759226548,
            "timestamp": 1732039979183,
            "isBuyerMaker": false,
            "isBestMatch": true
        },
        {
            "agg_trade_id": 506682335,
            "price": "0.40405000",
            "quantity": "247.00000000",
            "first_trade_id": 759226549,
            "last_trade_id": 759226549,
            "timestamp": 1732039979227,
            "isBuyerMaker": false,
            "isBestMatch": true
        },
        {
            "agg_trade_id": 506682336,
            "price": "0.40405000",
            "quantity": "29.00000000",
            "first_trade_id": 759226550,
            "last_trade_id": 759226550,
            "timestamp": 1732039979237,
            "isBuyerMaker": false,
            "isBestMatch": true
        },
        {
            "agg_trade_id": 506682337,
            "price": "0.40405000",
            "quantity": "247.00000000",
            "first_trade_id": 759226551,
            "last_trade_id": 759226551,
