{
    "data": [
        {
            "agg_trade_id": 1283003362,
            "price": "3124.78000000",
            "quantity": "0.00550000",
            "first_trade_id": 1786447548,
            "last_trade_id": 1786447548,
            "timestamp": 1732039973825,
            "isBuyerMaker": false,
            "isBestMatch": true
        },
        {
            "agg_trade_id": 1283003363,
            "price": "3124.78000000",
            "quantity": "0.00390000",
            "first_trade_id": 1786447549,
            "last_trade_id": 1786447549,
            "timestamp": 1732039973889,
            "isBuyerMaker": false,
            "isBestMatch": true
        },
        {
            "agg_trade_id": 1283003364,
            "price": "3124.78000000",
            "quantity": "0.00560000",
            "first_trade_id": 1786447550,
            "last_trade_id": 1786447550,
            "timestamp": 1732039973890,
            "isBuyerMaker": false,
            "isBestMatch": true
        },
        {
            "agg_trade_id": 1283003365,
            "price": "3124.78000000",
            "quantity": "0.00600000",
            "first_trade_id": 1786447551,
            "last_trade_id": 1786447551,
            "timestamp": 1732039973892,
            "isBuyerMaker": false,
            "isBestMatch": true
        },
        {
            "agg_trade_id": 1283003366,
            "price": "3124.78000000",
            "quantity": "0.00490000",
            "first_trade_id": 1786447552,
            "last_trade_id": 1786447552,
            "timestamp": 1732039973893,
            "isBuyerMaker": false,
            "isBestMatch": true
        },
        {
            "agg_trade_id": 1283003367,
            "price": "3124.78000000",
            "quantity": "0.00420000",
            "first_trade_id": 1786447553,
            "last_trade_id": 1786447553,
            "timestamp": 1732039973904,
            "isBuyerMaker": false,
            "isBestMatch": true
        },
        {
            "agg_trade_id": 1283003368,
            "price": "3124.78000000",
            "quantity": "0.00550000",
            "first_trade_id": 1786447554,
            "last_trade_id": 1786447554,
            "timestamp": 1732039973905,
            "isBuyerMaker": false,
            "isBestMatch": true
        },
        {
            "agg_trade_id": 1283003369,
            "price": "3124.78000000",
            "quantity": "0.00490000",
            "first_trade_id": 1786447555,
            "last_trade_id": 1786447555,
            "timestamp": 1732039973907,
            "isBuyerMaker": false,
            "isBestMatch": true
        },
        {
            "agg_trade_id": 1283003370,
            "price": "3124.78000000",
            "quantity": "0.00600000",
            "first_trade_id": 1786447556,
            "last_trade_id": 1786447556,
            "timestamp": 1732039973907,
            "isBuyerMaker": false,
            "isBestMatch": true
        },
        {
            "agg_trade_id": 1283003371,
            "price": "3124.78000000",
            "quantity": "0.00490000",
            "first_trade_id": 1786447557,
            "last_trade_id": 1786447557,
            "timestamp": 1732039973907,
            "isBuyerMaker": false,
            "isBestMatch": true
        },
        {
            "agg_trade_id": 1283003372,
            "price": "3124.78000000",
            "quantity": "0.00890000",
            "first_trade_id": 1786447558,
            "last_trade_id": 1786447558,
            "timestamp": 1732039973909,
            "isBuyerMaker": false,
            "isBestMatch": true
        },
        {
            "agg_trade_id": 1283003373,
            "price": "3124.78000000",
            "quantity": "0.00890000",
            "first_trade_id": 1786447559,
            "last_trade_id": 1786447559,
            "timestamp": 1732039973912,
            "isBuyerMaker": false,
            "isBestMatch": true
        },
        {
            "agg_trade_id": 1283003374,
            "price": "3124.78000000",
            "quantity": "0.00530000",
            "first_trade_id": 1786447560,
            "last_trade_id": 1786447560,
            "timestamp": 1732039973913,
            "isBuyerMaker": false,
            "isBestMatch": true
        },
        {
            "agg_trade_id": 1283003375,
            "price": "3124.78000000",
            "quantity": "0.00590000",
            "first_trade_id": 1786447561,
            "last_trade_id": 1786447561,
            "timestamp": 1732039973916,
            "isBuyerMaker": false,
            "isBestMatch": true
        },
        {
            "agg_trade_id": 1283003376,
            "price": "3124.78000000",
            "quantity": "0.00490000",
            "first_trade_id": 1786447562,
            "last_trade_id": 1786447562,
            "timestamp": 1732039973916,
            "isBuyerMaker": false,
            "isBestMatch": true
        },
        {
            "agg_trade_id": 1283003377,
            "price": "3124.78000000",
            "quantity": "0.00740000",
            "first_trade_id": 1786447563,
            "last_trade_id": 1786447563,
            "timestamp": 1732039973916,
            "isBuyerMaker": false,
            "isBestMatch": true
        },
        {
            "agg_trade_id": 1283003378,
            "price": "3124.78000000",
            "quantity": "0.00390000",
            "first_trade_id": 1786447564,
            "last_trade_id": 1786447564,
            "timestamp": 1732039973918,
            "isBuyerMaker": false,
            "isBestMatch": true
        },
        {
            "agg_trade_id": 1283003379,
            "price": "3124.78000000",
            "quantity": "0.00390000",
            "first_trade_id": 1786447565,
            "last_trade_id": 1786447565,
            "timestamp": 1732039973918,
            "isBuyerMaker": false,
            "isBestMatch": true
        },
        {
            "agg_trade_id": 1283003380,
            "price": "3124.78000000",
            "quantity": "0.00490000",
            "first_trade_id": 1786447566,
            "last_trade_id": 1786447566,
            "timestamp": 1732039973919,
            "isBuyerMaker": false,
            "isBestMatch": true
        },
        {
            "agg_trade_id": 1283003381,
            "price": "3124.78000000",
            "quantity": "0.00580000",
            "first_trade_id": 1786447567,
            "last_trade_id": 1786447567,
            "timestamp": 1732039973919,
            "isBuyerMaker": false,
            "isBestMatch": true
        },
        {
            "agg_trade_id": 1283003382,
            "price": "3124.78000000",
            "quantity": "0.00560000",
            "first_trade_id": 1786447568,
            "last_trade_id": 1786447568,
            "timestamp": 1732039973922,
            "isBuyerMaker": false,
            "isBestMatch": true
        },
        {
            "agg_trade_id": 1283003383,
            "price": "3124.78000000",
            "quantity": "0.00420000",
            "first_trade_id": 1786447569,
            "last_trade_id": 1786447569,
            "timestamp": 1732039973923,
            "isBuyerMaker": false,
            "isBestMatch": true
        },
        {
            "agg_trade_id": 1283003384,
            "price": "3124.78000000",
            "quantity": "0.00390000",
            "first_trade_id": 1786447570,
            "last_trade_id": 1786447570,
            "timestamp": 1732039973926,
            "isBuyerMaker": false,
            "isBestMatch": true
        },
        {
            "agg_trade_id": 1283003385,
            "price": "3124.78000000",
            "quantity": "0.00720000",
            "first_trade_id": 1786447571,
            "last_trade_id": 1786447571,
            "timestamp": 1732039973929,
            "isBuyerMaker": false,
            "isBestMatch": true
        },
        {
            "agg_trade_id": 1283003386,
            "price": "3124.78000000",
            "quantity": "0.00490000",
            "first_trade_id": 1786447572,
            "last_trade_id": 1786447572,
            "timestamp": 1732039973933,
            "isBuyerMaker": false,
            "isBestMatch": true
        },
        {
            "agg_trade_id": 1283003387,
            "price": "3124.78000000",
            "quantity": "0.00490000",
            "first_trade_id": 1786447573,
            "last_trade_id": 1786447573,
            "timestamp": 1732039973935,
            "isBuyerMaker": false,
            "isBestMatch": true
        },
        {
            "agg_trade_id": 1283003388,
            "price": "3124.78000000",
            "quantity": "0.00660000",
            "first_trade_id": 1786447574,
            "last_trade_id": 1786447574,
            "timestamp": 1732039973939,
            "isBuyerMaker": false,
            "isBestMatch": true
        },
        {
            "agg_trade_id": 1283003389,
            "price": "3124.78000000",
            "quantity": "0.00420000",
            "first_trade_id": 1786447575,
            "last_trade_id": 1786447575,
            "timestamp": 1732039973939,
            "isBuyerMaker": false,
            "isBestMatch": true
        },
        {
            "agg_trade_id": 1283003390,
            "price": "3124.78000000",
            "quantity": "0.00490000",
            "first_trade_id": 1786447576,
            "last_trade_id": 1786447576,
            "timestamp": 1732039973939,
            "isBuyerMaker": false,
            "isBestMatch": true
        },
        {
            "agg_trade_id": 1283003391,
            "price": "3124.78000000",
            "quantity": "0.00420000",
            "first_trade_id": 1786447577,
            "last_trade_id": 1786447577,
            "timestamp": 1732039973940,
            "isBuyerMaker": false,
            "isBestMatch": true
        },
        {
            "agg_trade_id": 1283003392,
            "price": "3124.77000000",
            "quantity": "1.99960000",
            "first_trade_id": 1786447578,
            "last_trade_id": 1786447595,
            "timestamp": 1732039973945,
            "isBuyerMaker": true,
            "isBestMatch": true
        },
        {
            "agg_trade_id": 1283003393,
            "price": "3124.76000000",
            "quantity": "0.04520000",
            "first_trade_id": 1786447596,
            "last_trade_id": 1786447619,
            "timestamp": 1732039973945,
            "isBuyerMaker": true,
            "isBestMatch": true
        },
        {
            "agg_trade_id": 1283003394,
            "price": "3124.76000000",
            "quantity": "0.00490000",
            "first_trade_id": 1786447620,
            "last_trade_id": 1786447620,
            "timestamp": 1732039973945,
            "isBuyerMaker": false,
            "isBestMatch": true
        },
        {
            "agg_trade_id": 1283003395,
            "price": "3124.76000000",
            "quantity": "0.00490000",
            "first_trade_id": 1786447621,
            "last_trade_id": 1786447621,
            "timestamp": 1732039973946,
            "isBuyerMaker": false,
            "isBestMatch": true
        },
        {
            "agg_trade_id": 1283003396,
            "price": "3124.76000000",
            "quantity": "0.00490000",
            "first_trade_id": 1786447622,
            "last_trade_id": 1786447622,
            "timestamp": 1732039973946,
            "isBuyerMaker": false,
            "isBestMatch": true
        },
        {
            "agg_trade_id": 1283003397,
            "price": "3124.76000000",
            "quantity": "0.00390000",
            "first_trade_id": 1786447623,
            "last_trade_id": 1786447623,
            "timestamp": 1732039973948,
            "isBuyerMaker": false,
            "isBestMatch": true
        },
        {
            "agg_trade_id": 1283003398,
            "price": "3124.76000000",
            "quantity": "0.00390000",
            "first_trade_id": 1786447624,
            "last_trade_id": 1786447624,
            "timestamp": 1732039973948,
            "isBuyerMaker": false,
            "isBestMatch": true
        },
        {
            "agg_trade_id": 1283003399,
            "price": "3124.76000000",
            "quantity": "0.00490000",
            "first_trade_id": 1786447625,
            "last_trade_id": 1786447625,
            "timestamp": 1732039973948,
            "isBuyerMaker": false,
            "isBestMatch": true
        },
        {
            "agg_trade_id": 1283003400,
            "price": "3124.76000000",
            "quantity": "0.00420000",
            "first_trade_id": 1786447626,
            "last_trade_id": 1786447626,
            "timestamp": 1732039973949,
            "isBuyerMaker": false,
            "isBestMatch": true
        },
        {
            "agg_trade_id": 1283003401,
            "price": "3124.76000000",
            "quantity": "0.00420000",
            "first_trade_id": 1786447627,
            "last_trade_id": 1786447627,
            "timestamp": 1732039973951,
            "isBuyerMaker": false,
            "isBestMatch": true
        },
        {
            "agg_trade_id": 1283003402,
            "price": "3124.75000000",
            "quantity": "0.04800000",
            "first_trade_id": 1786447628,
            "last_trade_id": 1786447628,
            "timestamp": 1732039973951,
            "isBuyerMaker": true,
            "isBestMatch": true
        },
        {
            "agg_trade_id": 1283003403,
            "price": "3124.76000000",
            "quantity": "0.00420000",
            "first_trade_id": 1786447629,
            "last_trade_id": 1786447629,
            "timestamp": 1732039973954,
            "isBuyerMaker": false,
            "isBestMatch": true
        },
        {
            "agg_trade_id": 1283003404,
            "price": "3124.76000000",
            "quantity": "0.00390000",
            "first_trade_id": 1786447630,
            "last_trade_id": 1786447630,
            "timestamp": 1732039973955,
            "isBuyerMaker": false,
            "isBestMatch": true
        },
        {
            "agg_trade_id": 1283003405,
            "price": "3124.76000000",
            "quantity": "0.00490000",
            "first_trade_id": 1786447631,
            "last_trade_id": 1786447631,
            "timestamp": 1732039973963,
            "isBuyerMaker": false,
            "isBestMatch": true
        },
        {
            "agg_trade_id": 1283003406,
            "price": "3124.76000000",
            "quantity": "0.00420000",
            "first_trade_id": 1786447632,
            "last_trade_id": 1786447632,
            "timestamp": 1732039973963,
            "isBuyerMaker": false,
            "isBestMatch": true
        },
        {
            "agg_trade_id": 1283003407,
            "price": "3124.76000000",
            "quantity": "0.00490000",
            "first_trade_id": 1786447633,
            "last_trade_id": 1786447633,
            "timestamp": 1732039973964,
            "isBuyerMaker": false,
            "isBestMatch": true
        },
        {
            "agg_trade_id": 1283003408,
            "price": "3124.76000000",
            "quantity": "0.00490000",
            "first_trade_id": 1786447634,
            "last_trade_id": 1786447634,
            "timestamp": 1732039973965,
            "isBuyerMaker": false,
            "isBestMatch": true
        },
        {
            "agg_trade_id": 1283003409,
            "price": "3124.76000000",
            "quantity": "0.00490000",
            "first_trade_id": 1786447635,
            "last_trade_id": 1786447635,
            "timestamp": 1732039973966,
            "isBuyerMaker": false,
            "isBestMatch": true
        },
        {
            "agg_trade_id": 1283003410,
            "price": "3124.76000000",
            "quantity": "0.00420000",
            "first_trade_id": 1786447636,
            "last_trade_id": 1786447636,
            "timestamp": 1732039973966,
            "isBuyerMaker": false,
            "isBestMatch": true
        },
        {
            "agg_trade_id": 1283003411,
            "price": "3124.76000000",
            "quantity": "0.03120000",
            "first_trade_id": 1786447637,
            "last_trade_id": 1786447637,
            "timestamp": 1732039973968,
            "isBuyerMaker": false,
            "isBestMatch": true
        },
        {
            "agg_trade_id": 1283003412,
            "price": "3124.76000000",
            "quantity": "0.00800000",
            "first_trade_id": 1786447638,
            "last_trade_id": 1786447638,
            "timestamp": 1732039973973,
            "isBuyerMaker": false,
            "isBestMatch": true
        },
        {
            "agg_trade_id": 1283003413,
            "price": "3124.76000000",
            "quantity": "0.00490000",
            "first_trade_id": 1786447639,
            "last_trade_id": 1786447639,
            "timestamp": 1732039973973,
            "isBuyerMaker": false,
            "isBestMatch": true
        },
        {
            "agg_trade_id": 1283003414,
            "price": "3124.76000000",
            "quantity": "0.00390000",
            "first_trade_id": 1786447640,
            "last_trade_id": 1786447640,
            "timestamp": 1732039973974,
            "isBuyerMaker": false,
            "isBestMatch": true
        },
        {
            "agg_trade_id": 1283003415,
            "price": "3124.76000000",
            "quantity": "0.00490000",
            "first_trade_id": 1786447641,
            "last_trade_id": 1786447641,
            "timestamp": 1732039973974,
            "isBuyerMaker": false,
            "isBestMatch": true
        },
        {
            "agg_trade_id": 1283003416,
            "price": "3124.76000000",
            "quantity": "0.00490000",
            "first_trade_id": 1786447642,
            "last_trade_id": 1786447642,
            "timestamp": 1732039973975,
            "isBuyerMaker": false,
            "isBestMatch": true
        },
        {
            "agg_trade_id": 1283003417,
            "price": "3124.76000000",
            "quantity": "0.00490000",
            "first_trade_id": 1786447643,
            "last_trade_id": 1786447643,
            "timestamp": 1732039973975,
            "isBuyerMaker": false,
            "isBestMatch": true
        },
        {
            "agg_trade_id": 1283003418,
            "price": "3124.76000000",
            "quantity": "0.00390000",
            "first_trade_id": 1786447644,
            "last_trade_id": 1786447644,
            "timestamp": 1732039973976,
            "isBuyerMaker": false,
            "isBestMatch": true
        },
        {
            "agg_trade_id": 1283003419,
            "price": "3124.76000000",
            "quantity": "0.00490000",
            "first_trade_id": 1786447645,
            "last_trade_id": 1786447645,
            "timestamp": 1732039973977,
            "isBuyerMaker": false,
            "isBestMatch": true
        },
        {
            "agg_trade_id": 1283003420,
            "price": "3124.76000000",
            "quantity": "0.00420000",
            "first_trade_id": 1786447646,
            "last_trade_id": 1786447646,
            "timestamp": 1732039973978,
            "isBuyerMaker": false,
            "isBestMatch": true
        },
        {
            "agg_trade_id": 1283003421,
            "price": "3124.76000000",
            "quantity": "0.00490000",
            "first_trade_id": 1786447647,
            "last_trade_id": 1786447647,
            "timestamp": 1732039973978,
            "isBuyerMaker": false,
            "isBestMatch": true
        },
        {
            "agg_trade_id": 1283003422,
            "price": "3124.76000000",
            "quantity": "0.00420000",
            "first_trade_id": 1786447648,
            "last_trade_id": 1786447648,
            "timestamp": 1732039973979,
            "isBuyerMaker": false,
            "isBestMatch": true
        },
        {
            "agg_trade_id": 1283003423,
            "price": "3124.76000000",
            "quantity": "0.00490000",
            "first_trade_id": 1786447649,
            "last_trade_id": 1786447649,
            "timestamp": 1732039973983,
            "isBuyerMaker": false,
            "isBestMatch": true
        },
        {
            "agg_trade_id": 1283003424,
            "price": "3124.76000000",
            "quantity": "0.00420000",
            "first_trade_id": 1786447650,
            "last_trade_id": 1786447650,
            "timestamp": 1732039973983,
            "isBuyerMaker": false,
            "isBestMatch": true
        },
        {
            "agg_trade_id": 1283003425,
            "price": "3124.76000000",
            "quantity": "0.00420000",
            "first_trade_id": 1786447651,
            "last_trade_id": 1786447651,
            "timestamp": 1732039973983,
            "isBuyerMaker": false,
            "isBestMatch": true
        },
        {
            "agg_trade_id": 1283003426,
            "price": "3124.76000000",
            "quantity": "0.00490000",
            "first_trade_id": 1786447652,
            "last_trade_id": 1786447652,
            "timestamp": 1732039973984,
            "isBuyerMaker": false,
            "isBestMatch": true
        },
        {
            "agg_trade_id": 1283003427,
            "price": "3124.76000000",
            "quantity": "0.00390000",
            "first_trade_id": 1786447653,
            "last_trade_id": 1786447653,
            "timestamp": 1732039973984,
            "isBuyerMaker": false,
            "isBestMatch": true
        },
        {
            "agg_trade_id": 1283003428,
            "price": "3124.76000000",
            "quantity": "0.00390000",
            "first_trade_id": 1786447654,
            "last_trade_id": 1786447654,
            "timestamp": 1732039973986,
            "isBuyerMaker": false,
            "isBestMatch": true
        },
        {
            "agg_trade_id": 1283003429,
            "price": "3124.76000000",
            "quantity": "0.00490000",
            "first_trade_id": 1786447655,
            "last_trade_id": 1786447655,
            "timestamp": 1732039973992,
            "isBuyerMaker": false,
            "isBestMatch": true
        },
        {
            "agg_trade_id": 1283003430,
            "price": "3124.76000000",
            "quantity": "0.00490000",
            "first_trade_id": 1786447656,
            "last_trade_id": 1786447656,
            "timestamp": 1732039973993,
            "isBuyerMaker": false,
            "isBestMatch": true
        },
        {
            "agg_trade_id": 1283003431,
            "price": "3124.76000000",
            "quantity": "0.00490000",
            "first_trade_id": 1786447657,
            "last_trade_id": 1786447657,
            "timestamp": 1732039973993,
            "isBuyerMaker": false,
            "isBestMatch": true
        },
        {
            "agg_trade_id": 1283003432,
            "price": "3124.76000000",
            "quantity": "0.00420000",
            "first_trade_id": 1786447658,
            "last_trade_id": 1786447658,
            "timestamp": 1732039973994,
            "isBuyerMaker": false,
            "isBestMatch": true
        },
        {
            "agg_trade_id": 1283003433,
            "price": "3124.76000000",
            "quantity": "0.00490000",
            "first_trade_id": 1786447659,
            "last_trade_id": 1786447659,
            "timestamp": 1732039973995,
            "isBuyerMaker": false,
            "isBestMatch": true
        },
        {
            "agg_trade_id": 1283003434,
            "price": "3124.76000000",
            "quantity": "0.00420000",
            "first_trade_id": 1786447660,
            "last_trade_id": 1786447660,
            "timestamp": 1732039973998,
            "isBuyerMaker": false,
            "isBestMatch": true
        },
        {
            "agg_trade_id": 1283003435,
            "price": "3124.76000000",
            "quantity": "0.00490000",
            "first_trade_id": 1786447661,
            "last_trade_id": 1786447661,
            "timestamp": 1732039973999,
            "isBuyerMaker": false,
            "isBestMatch": true
        },
        {
            "agg_trade_id": 1283003436,
            "price": "3124.76000000",
            "quantity": "0.00490000",
            "first_trade_id": 1786447662,
            "last_trade_id": 1786447662,
            "timestamp": 1732039974002,
            "isBuyerMaker": false,
            "isBestMatch": true
        },
        {
            "agg_trade_id": 1283003437,
            "price": "3124.76000000",
            "quantity": "0.00490000",
            "first_trade_id": 1786447663,
            "last_trade_id": 1786447663,
            "timestamp": 1732039974002,
            "isBuyerMaker": false,
            "isBestMatch": true
        },
        {
            "agg_trade_id": 1283003438,
            "price": "3124.75000000",
            "quantity": "0.11560000",
            "first_trade_id": 1786447664,
            "last_trade_id": 1786447664,
            "timestamp": 1732039974003,
            "isBuyerMaker": true,
            "isBestMatch": true
        },
        {
            "agg_trade_id": 1283003439,
            "price": "3124.76000000",
            "quantity": "0.00490000",
            "first_trade_id": 1786447665,
            "last_trade_id": 1786447665,
            "timestamp": 1732039974003,
            "isBuyerMaker": false,
            "isBestMatch": true
        },
        {
            "agg_trade_id": 1283003440,
            "price": "3124.76000000",
            "quantity": "0.00390000",
            "first_trade_id": 1786447666,
            "last_trade_id": 1786447666,
            "timestamp": 1732039974004,
            "isBuyerMaker": false,
            "isBestMatch": true
        },
        {
            "agg_trade_id": 1283003441,
            "price": "3124.76000000",
            "quantity": "0.00490000",
            "first_trade_id": 1786447667,
            "last_trade_id": 1786447667,
            "timestamp": 1732039974004,
            "isBuyerMaker": false,
            "isBestMatch": true
        },
        {
            "agg_trade_id": 1283003442,
            "price": "3124.75000000",
            "quantity": "0.79930000",
            "first_trade_id": 1786447668,
            "last_trade_id": 1786447668,
            "timestamp": 1732039974004,
            "isBuyerMaker": true,
            "isBestMatch": true
        },
        {
            "agg_trade_id": 1283003443,
            "price": "3124.75000000",
            "quantity": "0.12680000",
            "first_trade_id": 1786447669,
            "last_trade_id": 1786447669,
            "timestamp": 1732039974004,
            "isBuyerMaker": true,
            "isBestMatch": true
        },
        {
            "agg_trade_id": 1283003444,
            "price": "3124.76000000",
            "quantity": "0.00390000",
            "first_trade_id": 1786447670,
            "last_trade_id": 1786447670,
            "timestamp": 1732039974005,
            "isBuyerMaker": false,
            "isBestMatch": true
        },
        {
            "agg_trade_id": 1283003445,
            "price": "3124.76000000",
            "quantity": "0.00420000",
            "first_trade_id": 1786447671,
            "last_trade_id": 1786447671,
            "timestamp": 1732039974005,
            "isBuyerMaker": false,
            "isBestMatch": true
        },
        {
            "agg_trade_id": 1283003446,
            "price": "3124.75000000",
            "quantity": "0.74190000",
            "first_trade_id": 1786447672,
            "last_trade_id": 1786447672,
            "timestamp": 1732039974005,
            "isBuyerMaker": true,
            "isBestMatch": true
        },
        {
            "agg_trade_id": 1283003447,
            "price": "3124.76000000",
            "quantity": "0.00490000",
            "first_trade_id": 1786447673,
            "last_trade_id": 1786447673,
            "timestamp": 1732039974007,
            "isBuyerMaker": false,
            "isBestMatch": true
        },
        {
            "agg_trade_id": 1283003448,
            "price": "3124.76000000",
            "quantity": "0.00490000",
            "first_trade_id": 1786447674,
            "last_trade_id": 1786447674,
            "timestamp": 1732039974011,
            "isBuyerMaker": false,
            "isBestMatch": true
        },
        {
            "agg_trade_id": 1283003449,
            "price": "3124.76000000",
            "quantity": "0.00420000",
            "first_trade_id": 1786447675,
            "last_trade_id": 1786447675,
            "timestamp": 1732039974013,
            "isBuyerMaker": false,
            "isBestMatch": true
        },
        {
            "agg_trade_id": 1283003450,
            "price": "3124.76000000",
            "quantity": "0.00490000",
            "first_trade_id": 1786447676,
            "last_trade_id": 1786447676,
            "timestamp": 1732039974014,
            "isBuyerMaker": false,
            "isBestMatch": true
        },
        {
            "agg_trade_id": 1283003451,
            "price": "3124.76000000",
            "quantity": "0.00390000",
            "first_trade_id": 1786447677,
            "last_trade_id": 1786447677,
            "timestamp": 1732039974021,
            "isBuyerMaker": false,
            "isBestMatch": true
        },
        {
            "agg_trade_id": 1283003452,
            "price": "3124.76000000",
            "quantity": "0.00630000",
            "first_trade_id": 1786447678,
            "last_trade_id": 1786447678,
            "timestamp": 1732039974024,
            "isBuyerMaker": false,
            "isBestMatch": true
        },
        {
            "agg_trade_id": 1283003453,
            "price": "3124.75000000",
            "quantity": "0.00600000",
            "first_trade_id": 1786447679,
            "last_trade_id": 1786447680,
            "timestamp": 1732039974031,
            "isBuyerMaker": true,
            "isBestMatch": true
        },
        {
            "agg_trade_id": 1283003454,
            "price": "3124.76000000",
            "quantity": "0.00770000",
            "first_trade_id": 1786447681,
            "last_trade_id": 1786447681,
            "timestamp": 1732039974054,
            "isBuyerMaker": false,
            "isBestMatch": true
        },
        {
            "agg_trade_id": 1283003455,
            "price": "3124.75000000",
            "quantity": "0.10000000",
            "first_trade_id": 1786447682,
            "last_trade_id": 1786447682,
            "timestamp": 1732039974057,
            "isBuyerMaker": true,
            "isBestMatch": true
        },
        {
            "agg_trade_id": 1283003456,
            "price": "3124.75000000",
            "quantity": "0.09750000",
            "first_trade_id": 1786447683,
            "last_trade_id": 1786447683,
            "timestamp": 1732039974058,
            "isBuyerMaker": true,
            "isBestMatch": true
        },
        {
            "agg_trade_id": 1283003457,
            "price": "3124.75000000",
            "quantity": "1.40260000",
            "first_trade_id": 1786447684,
            "last_trade_id": 1786447685,
            "timestamp": 1732039974059,
            "isBuyerMaker": true,
            "isBestMatch": true
        },
        {
            "agg_trade_id": 1283003458,
            "price": "3124.73000000",
            "quantity": "0.00600000",
            "first_trade_id": 1786447686,
            "last_trade_id": 1786447687,
            "timestamp": 1732039974060,
            "isBuyerMaker": true,
            "isBestMatch": true
        },
        {
            "agg_trade_id": 1283003459,
            "price": "3124.71000000",
            "quantity": "0.00600000",
            "first_trade_id": 1786447688,
            "last_trade_id": 1786447689,
            "timestamp": 1732039974060,
            "isBuyerMaker": true,
            "isBestMatch": true
        },
        {
            "agg_trade_id": 1283003460,
            "price": "3124.65000000",
            "quantity": "0.00600000",
            "first_trade_id": 1786447690,
            "last_trade_id": 1786447691,
            "timestamp": 1732039974060,
            "isBuyerMaker": true,
            "isBestMatch": true
        },
        {
            "agg_trade_id": 1283003461,
            "price": "3124.63000000",
            "quantity": "0.02130000",
            "first_trade_id": 1786447692,
            "last_trade_id": 1786447702,
            "timestamp": 1732039974060,
            "isBuyerMaker": true,
            "isBestMatch": true
        },
        {
            "agg_trade_id": 1283003462,
            "price": "3124.62000000",
            "quantity": "0.63090000",
            "first_trade_id": 1786447703,
            "last_trade_id": 1786447704,
            "timestamp": 1732039974060,
            "isBuyerMaker": true,
            "isBestMatch": true
        },
        {
            "agg_trade_id": 1283003463,
            "price": "3124.62000000",
            "quantity": "0.00180000",
            "first_trade_id": 1786447705,
            "last_trade_id": 1786447705,
            "timestamp": 1732039974060,
            "isBuyerMaker": true,
            "isBestMatch": true
        },
        {
            "agg_trade_id": 1283003464,
            "price": "3124.62000000",
            "quantity": "0.26100000",
            "first_trade_id": 1786447706,
            "last_trade_id": 1786447706,
            "timestamp": 1732039974067,
            "isBuyerMaker": true,
            "isBestMatch": true
        },
        {
            "agg_trade_id": 1283003465,
            "price": "3124.62000000",
            "quantity": "0.26100000",
            "first_trade_id": 1786447707,
            "last_trade_id": 1786447708,
            "timestamp": 1732039974067,
            "isBuyerMaker": true,
            "isBestMatch": true
        },
        {
            "agg_trade_id": 1283003466,
            "price": "3124.62000000",
            "quantity": "0.17680000",
            "first_trade_id": 1786447709,
            "last_trade_id": 1786447732,
            "timestamp": 1732039974068,
            "isBuyerMaker": true,
            "isBestMatch": true
        },
        {
            "agg_trade_id": 1283003467,
            "price": "3124.61000000",
            "quantity": "0.00600000",
            "first_trade_id": 1786447733,
            "last_trade_id": 1786447734,
            "timestamp": 1732039974068,
            "isBuyerMaker": true,
            "isBestMatch": true
        },
        {
            "agg_trade_id": 1283003468,
            "price": "3124.56000000",
            "quantity": "0.02130000",
            "first_trade_id": 1786447735,
            "last_trade_id": 1786447745,
            "timestamp": 1732039974068,
            "isBuyerMaker": true,
            "isBestMatch": true
        },
        {
            "agg_trade_id": 1283003469,
            "price": "3124.55000000",
            "quantity": "0.23300000",
            "first_trade_id": 1786447746,
            "last_trade_id": 1786447746,
            "timestamp": 1732039974068,
            "isBuyerMaker": true,
            "isBestMatch": true
        },
        {
            "agg_trade_id": 1283003470,
            "price": "3124.56000000",
            "quantity": "0.00390000",
            "first_trade_id": 1786447747,
            "last_trade_id": 1786447747,
            "timestamp": 1732039974086,
            "isBuyerMaker": false,
            "isBestMatch": true
        },
        {
            "agg_trade_id": 1283003471,
            "price": "3124.56000000",
            "quantity": "0.00550000",
            "first_trade_id": 1786447748,
            "last_trade_id": 1786447748,
            "timestamp": 1732039974101,
            "isBuyerMaker": false,
            "isBestMatch": true
        },
        {
            "agg_trade_id": 1283003472,
            "price": "3124.56000000",
            "quantity": "0.00800000",
            "first_trade_id": 1786447749,
            "last_trade_id": 1786447749,
            "timestamp": 1732039974101,
            "isBuyerMaker": false,
            "isBestMatch": true
        },
        {
            "agg_trade_id": 1283003473,
            "price": "3124.56000000",
            "quantity": "0.00490000",
            "first_trade_id": 1786447750,
            "last_trade_id": 1786447750,
            "timestamp": 1732039974104,
            "isBuyerMaker": false,
            "isBestMatch": true
        },
        {
            "agg_trade_id": 1283003474,
            "price": "3124.56000000",
            "quantity": "0.00420000",
            "first_trade_id": 1786447751,
            "last_trade_id": 1786447751,
            "timestamp": 1732039974104,
            "isBuyerMaker": false,
            "isBestMatch": true
        },
        {
            "agg_trade_id": 1283003475,
            "price": "3124.56000000",
            "quantity": "0.00490000",
            "first_trade_id": 1786447752,
            "last_trade_id": 1786447752,
            "timestamp": 1732039974107,
            "isBuyerMaker": false,
            "isBestMatch": true
        },
        {
            "agg_trade_id": 1283003476,
            "price": "3124.56000000",
            "quantity": "0.00490000",
            "first_trade_id": 1786447753,
            "last_trade_id": 1786447753,
            "timestamp": 1732039974108,
            "isBuyerMaker": false,
            "isBestMatch": true
        },
        {
            "agg_trade_id": 1283003477,
            "price": "3124.56000000",
            "quantity": "0.00390000",
            "first_trade_id": 1786447754,
            "last_trade_id": 1786447754,
            "timestamp": 1732039974117,
            "isBuyerMaker": false,
            "isBestMatch": true
        },
        {
            "agg_trade_id": 1283003478,
            "price": "3124.56000000",
            "quantity": "0.00420000",
            "first_trade_id": 1786447755,
            "last_trade_id": 1786447755,
            "timestamp": 1732039974118,
            "isBuyerMaker": false,
            "isBestMatch": true
        },
        {
            "agg_trade_id": 1283003479,
            "price": "3124.56000000",
            "quantity": "0.00600000",
            "first_trade_id": 1786447756,
            "last_trade_id": 1786447756,
            "timestamp": 1732039974118,
            "isBuyerMaker": false,
            "isBestMatch": true
        },
        {
            "agg_trade_id": 1283003480,
            "price": "3124.56000000",
            "quantity": "0.00390000",
            "first_trade_id": 1786447757,
            "last_trade_id": 1786447757,
            "timestamp": 1732039974120,
            "isBuyerMaker": false,
            "isBestMatch": true
        },
        {
            "agg_trade_id": 1283003481,
            "price": "3124.56000000",
            "quantity": "0.00580000",
            "first_trade_id": 1786447758,
            "last_trade_id": 1786447758,
            "timestamp": 1732039974125,
            "isBuyerMaker": false,
            "isBestMatch": true
        },
        {
            "agg_trade_id": 1283003482,
            "price": "3124.56000000",
            "quantity": "0.00390000",
            "first_trade_id": 1786447759,
            "last_trade_id": 1786447759,
            "timestamp": 1732039974130,
            "isBuyerMaker": false,
            "isBestMatch": true
        },
        {
            "agg_trade_id": 1283003483,
            "price": "3124.56000000",
            "quantity": "0.00420000",
            "first_trade_id": 1786447760,
            "last_trade_id": 1786447760,
            "timestamp": 1732039974132,
            "isBuyerMaker": false,
            "isBestMatch": true
        },
        {
            "agg_trade_id": 1283003484,
            "price": "3124.56000000",
            "quantity": "0.00490000",
            "first_trade_id": 1786447761,
            "last_trade_id": 1786447761,
            "timestamp": 1732039974132,
            "isBuyerMaker": false,
            "isBestMatch": true
        },
        {
            "agg_trade_id": 1283003485,
            "price": "3124.56000000",
            "quantity": "0.00820000",
            "first_trade_id": 1786447762,
            "last_trade_id": 1786447762,
            "timestamp": 1732039974133,
            "isBuyerMaker": false,
            "isBestMatch": true
        },
        {
            "agg_trade_id": 1283003486,
            "price": "3124.56000000",
            "quantity": "0.00490000",
            "first_trade_id": 1786447763,
            "last_trade_id": 1786447763,
            "timestamp": 1732039974134,
            "isBuyerMaker": false,
            "isBestMatch": true
        },
        {
            "agg_trade_id": 1283003487,
            "price": "3124.56000000",
            "quantity": "0.00490000",
            "first_trade_id": 1786447764,
            "last_trade_id": 1786447764,
            "timestamp": 1732039974136,
            "isBuyerMaker": false,
            "isBestMatch": true
        },
        {
            "agg_trade_id": 1283003488,
            "price": "3124.56000000",
            "quantity": "0.00490000",
            "first_trade_id": 1786447765,
            "last_trade_id": 1786447765,
            "timestamp": 1732039974140,
            "isBuyerMaker": false,
            "isBestMatch": true
        },
        {
            "agg_trade_id": 1283003489,
            "price": "3124.56000000",
            "quantity": "0.00490000",
            "first_trade_id": 1786447766,
            "last_trade_id": 1786447766,
            "timestamp": 1732039974143,
            "isBuyerMaker": false,
            "isBestMatch": true
        },
        {
            "agg_trade_id": 1283003490,
            "price": "3124.56000000",
            "quantity": "0.00390000",
            "first_trade_id": 1786447767,
            "last_trade_id": 1786447767,
            "timestamp": 1732039974143,
            "isBuyerMaker": false,
            "isBestMatch": true
        },
        {
            "agg_trade_id": 1283003491,
            "price": "3124.56000000",
            "quantity": "0.00420000",
            "first_trade_id": 1786447768,
            "last_trade_id": 1786447768,
            "timestamp": 1732039974144,
            "isBuyerMaker": false,
            "isBestMatch": true
        },
        {
            "agg_trade_id": 1283003492,
            "price": "3124.56000000",
            "quantity": "0.00420000",
            "first_trade_id": 1786447769,
            "last_trade_id": 1786447769,
            "timestamp": 1732039974145,
            "isBuyerMaker": false,
            "isBestMatch": true
        },
        {
            "agg_trade_id": 1283003493,
            "price": "3124.56000000",
            "quantity": "0.00420000",
            "first_trade_id": 1786447770,
            "last_trade_id": 1786447770,
            "timestamp": 1732039974145,
            "isBuyerMaker": false,
            "isBestMatch": true
        },
        {
            "agg_trade_id": 1283003494,
            "price": "3124.56000000",
            "quantity": "0.00490000",
            "first_trade_id": 1786447771,
            "last_trade_id": 1786447771,
            "timestamp": 1732039974147,
            "isBuyerMaker": false,
            "isBestMatch": true
        },
        {
            "agg_trade_id": 1283003495,
            "price": "3124.56000000",
            "quantity": "0.00390000",
            "first_trade_id": 1786447772,
            "last_trade_id": 1786447772,
            "timestamp": 1732039974147,
            "isBuyerMaker": false,
            "isBestMatch": true
        },
        {
            "agg_trade_id": 1283003496,
            "price": "3124.56000000",
            "quantity": "0.00560000",
            "first_trade_id": 1786447773,
            "last_trade_id": 1786447773,
            "timestamp": 1732039974148,
            "isBuyerMaker": false,
            "isBestMatch": true
        },
        {
            "agg_trade_id": 1283003497,
            "price": "3124.56000000",
            "quantity": "0.00600000",
            "first_trade_id": 1786447774,
            "last_trade_id": 1786447774,
            "timestamp": 1732039974150,
            "isBuyerMaker": false,
            "isBestMatch": true
        },
        {
            "agg_trade_id": 1283003498,
            "price": "3124.56000000",
            "quantity": "0.00420000",
            "first_trade_id": 1786447775,
            "last_trade_id": 1786447775,
            "timestamp": 1732039974152,
            "isBuyerMaker": false,
            "isBestMatch": true
        },
        {
            "agg_trade_id": 1283003499,
            "price": "3124.56000000",
            "quantity": "0.38390000",
            "first_trade_id": 1786447776,
            "last_trade_id": 1786447776,
            "timestamp": 1732039974154,
            "isBuyerMaker": false,
            "isBestMatch": true
        },
        {
            "agg_trade_id": 1283003500,
            "price": "3124.56000000",
            "quantity": "0.38390000",
            "first_trade_id": 1786447777,
            "last_trade_id": 1786447777,
            "timestamp": 1732039974155,
            "isBuyerMaker": false,
            "isBestMatch": true
        },
        {
            "agg_trade_id": 1283003501,
            "price": "3124.56000000",
            "quantity": "0.38390000",
            "first_trade_id": 1786447778,
            "last_trade_id": 1786447780,
            "timestamp": 1732039974155,
            "isBuyerMaker": false,
            "isBestMatch": true
        },
        {
            "agg_trade_id": 1283003502,
            "price": "3124.56000000",
            "quantity": "0.00490000",
            "first_trade_id": 1786447781,
            "last_trade_id": 1786447781,
            "timestamp": 1732039974156,
            "isBuyerMaker": false,
            "isBestMatch": true
        },
        {
            "agg_trade_id": 1283003503,
            "price": "3124.56000000",
            "quantity": "0.00390000",
            "first_trade_id": 1786447782,
            "last_trade_id": 1786447782,
            "timestamp": 1732039974158,
            "isBuyerMaker": false,
            "isBestMatch": true
        },
        {
            "agg_trade_id": 1283003504,
            "price": "3124.56000000",
            "quantity": "0.95960000",
            "first_trade_id": 1786447783,
            "last_trade_id": 1786447783,
            "timestamp": 1732039974158,
            "isBuyerMaker": false,
            "isBestMatch": true
        },
        {
            "agg_trade_id": 1283003505,
            "price": "3124.56000000",
            "quantity": "0.95960000",
            "first_trade_id": 1786447784,
            "last_trade_id": 1786447784,
            "timestamp": 1732039974158,
            "isBuyerMaker": false,
            "isBestMatch": true
        },
        {
            "agg_trade_id": 1283003506,
            "price": "3124.56000000",
            "quantity": "0.95960000",
            "first_trade_id": 1786447785,
            "last_trade_id": 1786447785,
            "timestamp": 1732039974159,
            "isBuyerMaker": false,
            "isBestMatch": true
        },
        {
            "agg_trade_id": 1283003507,
            "price": "3124.56000000",
            "quantity": "0.00420000",
            "first_trade_id": 1786447786,
            "last_trade_id": 1786447786,
            "timestamp": 1732039974160,
            "isBuyerMaker": false,
            "isBestMatch": true
        },
        {
            "agg_trade_id": 1283003508,
            "price": "3124.56000000",
            "quantity": "0.00420000",
            "first_trade_id": 1786447787,
            "last_trade_id": 1786447787,
            "timestamp": 1732039974160,
            "isBuyerMaker": false,
            "isBestMatch": true
        },
        {
            "agg_trade_id": 1283003509,
            "price": "3124.56000000",
            "quantity": "0.00490000",
            "first_trade_id": 1786447788,
            "last_trade_id": 1786447788,
            "timestamp": 1732039974161,
            "isBuyerMaker": false,
            "isBestMatch": true
        },
        {
            "agg_trade_id": 1283003510,
            "price": "3124.56000000",
            "quantity": "0.95960000",
            "first_trade_id": 1786447789,
            "last_trade_id": 1786447789,
            "timestamp": 1732039974162,
            "isBuyerMaker": false,
            "isBestMatch": true
        },
        {
            "agg_trade_id": 1283003511,
            "price": "3124.56000000",
            "quantity": "0.95960000",
            "first_trade_id": 1786447790,
            "last_trade_id": 1786447790,
            "timestamp": 1732039974162,
            "isBuyerMaker": false,
            "isBestMatch": true
        },
        {
            "agg_trade_id": 1283003512,
            "price": "3124.56000000",
            "quantity": "0.95960000",
            "first_trade_id": 1786447791,
            "last_trade_id": 1786447791,
            "timestamp": 1732039974164,
            "isBuyerMaker": false,
            "isBestMatch": true
        },
        {
            "agg_trade_id": 1283003513,
            "price": "3124.56000000",
            "quantity": "0.00490000",
            "first_trade_id": 1786447792,
            "last_trade_id": 1786447792,
            "timestamp": 1732039974164,
            "isBuyerMaker": false,
            "isBestMatch": true
        },
        {
            "agg_trade_id": 1283003514,
            "price": "3124.56000000",
            "quantity": "0.00970000",
            "first_trade_id": 1786447793,
            "last_trade_id": 1786447793,
            "timestamp": 1732039974165,
            "isBuyerMaker": false,
            "isBestMatch": true
        },
        {
            "agg_trade_id": 1283003515,
            "price": "3124.56000000",
            "quantity": "0.00490000",
            "first_trade_id": 1786447794,
            "last_trade_id": 1786447794,
            "timestamp": 1732039974166,
            "isBuyerMaker": false,
            "isBestMatch": true
        },
        {
            "agg_trade_id": 1283003516,
            "price": "3124.56000000",
            "quantity": "0.95960000",
            "first_trade_id": 1786447795,
            "last_trade_id": 1786447795,
            "timestamp": 1732039974166,
            "isBuyerMaker": false,
            "isBestMatch": true
        },
        {
            "agg_trade_id": 1283003517,
            "price": "3124.56000000",
            "quantity": "0.38390000",
            "first_trade_id": 1786447796,
            "last_trade_id": 1786447797,
            "timestamp": 1732039974167,
            "isBuyerMaker": false,
            "isBestMatch": true
        },
        {
            "agg_trade_id": 1283003518,
            "price": "3124.56000000",
            "quantity": "0.00560000",
            "first_trade_id": 1786447798,
            "last_trade_id": 1786447798,
            "timestamp": 1732039974168,
            "isBuyerMaker": false,
            "isBestMatch": true
        },
        {
            "agg_trade_id": 1283003519,
            "price": "3124.56000000",
            "quantity": "0.00520000",
            "first_trade_id": 1786447799,
            "last_trade_id": 1786447799,
            "timestamp": 1732039974168,
            "isBuyerMaker": false,
            "isBestMatch": true
        },
        {
            "agg_trade_id": 1283003520,
            "price": "3124.56000000",
            "quantity": "0.00490000",
            "first_trade_id": 1786447800,
            "last_trade_id": 1786447800,
            "timestamp": 1732039974168,
            "isBuyerMaker": false,
            "isBestMatch": true
        },
        {
            "agg_trade_id": 1283003521,
            "price": "3124.56000000",
            "quantity": "0.38390000",
            "first_trade_id": 1786447801,
            "last_trade_id": 1786447801,
            "timestamp": 1732039974169,
            "isBuyerMaker": false,
            "isBestMatch": true
        },
        {
            "agg_trade_id": 1283003522,
            "price": "3124.56000000",
            "quantity": "0.00490000",
            "first_trade_id": 1786447802,
            "last_trade_id": 1786447802,
            "timestamp": 1732039974169,
            "isBuyerMaker": false,
            "isBestMatch": true
        },
        {
            "agg_trade_id": 1283003523,
            "price": "3124.56000000",
            "quantity": "0.00900000",
            "first_trade_id": 1786447803,
            "last_trade_id": 1786447803,
            "timestamp": 1732039974170,
            "isBuyerMaker": false,
            "isBestMatch": true
        },
        {
            "agg_trade_id": 1283003524,
            "price": "3124.56000000",
            "quantity": "0.00390000",
            "first_trade_id": 1786447804,
            "last_trade_id": 1786447804,
            "timestamp": 1732039974172,
            "isBuyerMaker": false,
            "isBestMatch": true
        },
        {
            "agg_trade_id": 1283003525,
            "price": "3124.56000000",
            "quantity": "0.00420000",
            "first_trade_id": 1786447805,
            "last_trade_id": 1786447805,
            "timestamp": 1732039974172,
            "isBuyerMaker": false,
            "isBestMatch": true
        },
        {
            "agg_trade_id": 1283003526,
            "price": "3124.56000000",
            "quantity": "0.00420000",
            "first_trade_id": 1786447806,
            "last_trade_id": 1786447806,
            "timestamp": 1732039974173,
            "isBuyerMaker": false,
            "isBestMatch": true
        },
        {
            "agg_trade_id": 1283003527,
            "price": "3124.56000000",
            "quantity": "0.00390000",
            "first_trade_id": 1786447807,
            "last_trade_id": 1786447807,
            "timestamp": 1732039974173,
            "isBuyerMaker": false,
            "isBestMatch": true
        },
        {
            "agg_trade_id": 1283003528,
            "price": "3124.56000000",
            "quantity": "0.00490000",
            "first_trade_id": 1786447808,
            "last_trade_id": 1786447808,
            "timestamp": 1732039974174,
            "isBuyerMaker": false,
            "isBestMatch": true
        },
        {
            "agg_trade_id": 1283003529,
            "price": "3124.56000000",
            "quantity": "0.00490000",
            "first_trade_id": 1786447809,
            "last_trade_id": 1786447809,
            "timestamp": 1732039974174,
            "isBuyerMaker": false,
            "isBestMatch": true
        },
        {
            "agg_trade_id": 1283003530,
            "price": "3124.56000000",
            "quantity": "0.00490000",
            "first_trade_id": 1786447810,
            "last_trade_id": 1786447810,
            "timestamp": 1732039974175,
            "isBuyerMaker": false,
            "isBestMatch": true
        },
        {
            "agg_trade_id": 1283003531,
            "price": "3124.56000000",
            "quantity": "0.00490000",
            "first_trade_id": 1786447811,
            "last_trade_id": 1786447811,
            "timestamp": 1732039974175,
            "isBuyerMaker": false,
            "isBestMatch": true
        },
        {
            "agg_trade_id": 1283003532,
            "price": "3124.56000000",
            "quantity": "0.00490000",
            "first_trade_id": 1786447812,
            "last_trade_id": 1786447812,
            "timestamp": 1732039974176,
            "isBuyerMaker": false,
            "isBestMatch": true
        },
        {
            "agg_trade_id": 1283003533,
            "price": "3124.56000000",
            "quantity": "0.00390000",
            "first_trade_id": 1786447813,
            "last_trade_id": 1786447813,
            "timestamp": 1732039974177,
            "isBuyerMaker": false,
            "isBestMatch": true
        },
        {
            "agg_trade_id": 1283003534,
            "price": "3124.56000000",
            "quantity": "0.00420000",
            "first_trade_id": 1786447814,
            "last_trade_id": 1786447814,
            "timestamp": 1732039974178,
            "isBuyerMaker": false,
            "isBestMatch": true
        },
        {
            "agg_trade_id": 1283003535,
            "price": "3124.56000000",
            "quantity": "0.00600000",
            "first_trade_id": 1786447815,
            "last_trade_id": 1786447815,
            "timestamp": 1732039974178,
            "isBuyerMaker": false,
            "isBestMatch": true
        },
        {
            "agg_trade_id": 1283003536,
            "price": "3124.56000000",
            "quantity": "0.00490000",
            "first_trade_id": 1786447816,
            "last_trade_id": 1786447816,
            "timestamp": 1732039974178,
            "isBuyerMaker": false,
            "isBestMatch": true
        },
        {
            "agg_trade_id": 1283003537,
            "price": "3124.56000000",
            "quantity": "0.00490000",
            "first_trade_id": 1786447817,
            "last_trade_id": 1786447817,
            "timestamp": 1732039974179,
            "isBuyerMaker": false,
            "isBestMatch": true
        },
        {
            "agg_trade_id": 1283003538,
            "price": "3124.56000000",
            "quantity": "0.00420000",
            "first_trade_id": 1786447818,
            "last_trade_id": 1786447818,
            "timestamp": 1732039974180,
            "isBuyerMaker": false,
            "isBestMatch": true
        },
        {
            "agg_trade_id": 1283003539,
            "price": "3124.56000000",
            "quantity": "0.00590000",
            "first_trade_id": 1786447819,
            "last_trade_id": 1786447819,
            "timestamp": 1732039974181,
            "isBuyerMaker": false,
            "isBestMatch": true
        },
        {
            "agg_trade_id": 1283003540,
            "price": "3124.56000000",
            "quantity": "0.00720000",
            "first_trade_id": 1786447820,
            "last_trade_id": 1786447820,
            "timestamp": 1732039974188,
            "isBuyerMaker": false,
            "isBestMatch": true
        },
        {
            "agg_trade_id": 1283003541,
            "price": "3124.56000000",
            "quantity": "0.00490000",
            "first_trade_id": 1786447821,
            "last_trade_id": 1786447821,
            "timestamp": 1732039974189,
            "isBuyerMaker": false,
            "isBestMatch": true
        },
        {
            "agg_trade_id": 1283003542,
            "price": "3124.56000000",
            "quantity": "0.00560000",
            "first_trade_id": 1786447822,
            "last_trade_id": 1786447822,
            "timestamp": 1732039974189,
            "isBuyerMaker": false,
            "isBestMatch": true
        },
        {
            "agg_trade_id": 1283003543,
            "price": "3124.56000000",
            "quantity": "0.00490000",
            "first_trade_id": 1786447823,
            "last_trade_id": 1786447823,
            "timestamp": 1732039974190,
            "isBuyerMaker": false,
            "isBestMatch": true
        },
        {
            "agg_trade_id": 1283003544,
            "price": "3124.56000000",
            "quantity": "0.00490000",
            "first_trade_id": 1786447824,
            "last_trade_id": 1786447824,
            "timestamp": 1732039974190,
            "isBuyerMaker": false,
            "isBestMatch": true
        },
        {
            "agg_trade_id": 1283003545,
            "price": "3124.56000000",
            "quantity": "0.00420000",
            "first_trade_id": 1786447825,
            "last_trade_id": 1786447825,
            "timestamp": 1732039974190,
            "isBuyerMaker": false,
            "isBestMatch": true
        },
        {
            "agg_trade_id": 1283003546,
            "price": "3124.56000000",
            "quantity": "0.00750000",
            "first_trade_id": 1786447826,
            "last_trade_id": 1786447826,
            "timestamp": 1732039974191,
            "isBuyerMaker": false,
            "isBestMatch": true
        },
        {
            "agg_trade_id": 1283003547,
            "price": "3124.56000000",
            "quantity": "0.00580000",
            "first_trade_id": 1786447827,
            "last_trade_id": 1786447827,
            "timestamp": 1732039974195,
            "isBuyerMaker": false,
            "isBestMatch": true
        },
        {
            "agg_trade_id": 1283003548,
            "price": "3124.56000000",
            "quantity": "0.00490000",
            "first_trade_id": 1786447828,
            "last_trade_id": 1786447828,
            "timestamp": 1732039974197,
            "isBuyerMaker": false,
            "isBestMatch": true
        },
        {
            "agg_trade_id": 1283003549,
            "price": "3124.56000000",
            "quantity": "0.00420000",
            "first_trade_id": 1786447829,
            "last_trade_id": 1786447829,
            "timestamp": 1732039974202,
            "isBuyerMaker": false,
            "isBestMatch": true
        },
        {
            "agg_trade_id": 1283003550,
            "price": "3124.56000000",
            "quantity": "0.00810000",
            "first_trade_id": 1786447830,
            "last_trade_id": 1786447830,
            "timestamp": 1732039974251,
            "isBuyerMaker": false,
            "isBestMatch": true
        },
        {
            "agg_trade_id": 1283003551,
            "price": "3124.56000000",
            "quantity": "0.00850000",
            "first_trade_id": 1786447831,
            "last_trade_id": 1786447831,
            "timestamp": 1732039974309,
            "isBuyerMaker": false,
            "isBestMatch": true
        },
        {
            "agg_trade_id": 1283003552,
            "price": "3124.56000000",
            "quantity": "0.00550000",
            "first_trade_id": 1786447832,
            "last_trade_id": 1786447832,
            "timestamp": 1732039974347,
            "isBuyerMaker": false,
            "isBestMatch": true
        },
        {
            "agg_trade_id": 1283003553,
            "price": "3124.56000000",
            "quantity": "0.00600000",
            "first_trade_id": 1786447833,
            "last_trade_id": 1786447833,
            "timestamp": 1732039974373,
            "isBuyerMaker": false,
            "isBestMatch": true
        },
        {
            "agg_trade_id": 1283003554,
            "price": "3124.56000000",
            "quantity": "0.00580000",
            "first_trade_id": 1786447834,
            "last_trade_id": 1786447834,
            "timestamp": 1732039974392,
            "isBuyerMaker": false,
            "isBestMatch": true
        },
        {
            "agg_trade_id": 1283003555,
            "price": "3124.56000000",
            "quantity": "0.00660000",
            "first_trade_id": 1786447835,
            "last_trade_id": 1786447835,
            "timestamp": 1732039974398,
            "isBuyerMaker": false,
            "isBestMatch": true
        },
        {
            "agg_trade_id": 1283003556,
            "price": "3124.56000000",
            "quantity": "0.00560000",
            "first_trade_id": 1786447836,
            "last_trade_id": 1786447836,
            "timestamp": 1732039974403,
            "isBuyerMaker": false,
            "isBestMatch": true
        },
        {
            "agg_trade_id": 1283003557,
            "price": "3124.56000000",
            "quantity": "0.00440000",
            "first_trade_id": 1786447837,
            "last_trade_id": 1786447837,
            "timestamp": 1732039974472,
            "isBuyerMaker": false,
            "isBestMatch": true
        },
        {
            "agg_trade_id": 1283003558,
            "price": "3124.56000000",
            "quantity": "0.00800000",
            "first_trade_id": 1786447838,
            "last_trade_id": 1786447838,
            "timestamp": 1732039974530,
            "isBuyerMaker": false,
            "isBestMatch": true
        },
        {
            "agg_trade_id": 1283003559,
            "price": "3124.56000000",
            "quantity": "0.00820000",
            "first_trade_id": 1786447839,
            "last_trade_id": 1786447839,
            "timestamp": 1732039974617,
            "isBuyerMaker": false,
            "isBestMatch": true
        },
        {
            "agg_trade_id": 1283003560,
            "price": "3124.56000000",
            "quantity": "0.00630000",
            "first_trade_id": 1786447840,
            "last_trade_id": 1786447840,
            "timestamp": 1732039974732,
            "isBuyerMaker": false,
            "isBestMatch": true
        },
        {
            "agg_trade_id": 1283003561,
            "price": "3124.56000000",
            "quantity": "0.01910000",
            "first_trade_id": 1786447841,
            "last_trade_id": 1786447841,
            "timestamp": 1732039974797,
            "isBuyerMaker": false,
            "isBestMatch": true
        },
        {
            "agg_trade_id": 1283003562,
            "price": "3124.56000000",
            "quantity": "0.00610000",
            "first_trade_id": 1786447842,
            "last_trade_id": 1786447842,
            "timestamp": 1732039974818,
            "isBuyerMaker": false,
            "isBestMatch": true
        },
        {
            "agg_trade_id": 1283003563,
            "price": "3124.55000000",
            "quantity": "0.02660000",
            "first_trade_id": 1786447843,
            "last_trade_id": 1786447843,
            "timestamp": 1732039975049,
            "isBuyerMaker": true,
            "isBestMatch": true
        },
        {
            "agg_trade_id": 1283003564,
            "price": "3124.55000000",
            "quantity": "1.06590000",
            "first_trade_id": 1786447844,
            "last_trade_id": 1786447849,
            "timestamp": 1732039975116,
            "isBuyerMaker": true,
            "isBestMatch": true
        },
        {
            "agg_trade_id": 1283003565,
            "price": "3124.54000000",
            "quantity": "0.00600000",
            "first_trade_id": 1786447850,
            "last_trade_id": 1786447851,
            "timestamp": 1732039975116,
            "isBuyerMaker": true,
            "isBestMatch": true
        },
        {
            "agg_trade_id": 1283003566,
            "price": "3124.53000000",
            "quantity": "0.04260000",
            "first_trade_id": 1786447852,
            "last_trade_id": 1786447871,
            "timestamp": 1732039975116,
            "isBuyerMaker": true,
            "isBestMatch": true
        },
        {
            "agg_trade_id": 1283003567,
            "price": "3124.53000000",
            "quantity": "0.05910000",
            "first_trade_id": 1786447872,
            "last_trade_id": 1786447872,
            "timestamp": 1732039975129,
            "isBuyerMaker": false,
            "isBestMatch": true
        },
        {
            "agg_trade_id": 1283003568,
            "price": "3124.52000000",
            "quantity": "0.00180000",
            "first_trade_id": 1786447873,
            "last_trade_id": 1786447873,
            "timestamp": 1732039975173,
            "isBuyerMaker": true,
            "isBestMatch": true
        },
        {
            "agg_trade_id": 1283003569,
            "price": "3124.52000000",
            "quantity": "0.00180000",
            "first_trade_id": 1786447874,
            "last_trade_id": 1786447875,
            "timestamp": 1732039975173,
            "isBuyerMaker": true,
            "isBestMatch": true
        },
        {
            "agg_trade_id": 1283003570,
            "price": "3124.52000000",
            "quantity": "0.00180000",
            "first_trade_id": 1786447876,
            "last_trade_id": 1786447876,
            "timestamp": 1732039975173,
            "isBuyerMaker": true,
            "isBestMatch": true
        },
        {
            "agg_trade_id": 1283003571,
            "price": "3124.52000000",
            "quantity": "0.00060000",
            "first_trade_id": 1786447877,
            "last_trade_id": 1786447877,
            "timestamp": 1732039975173,
            "isBuyerMaker": true,
            "isBestMatch": true
        },
        {
            "agg_trade_id": 1283003572,
            "price": "3124.51000000",
            "quantity": "0.00120000",
            "first_trade_id": 1786447878,
            "last_trade_id": 1786447878,
            "timestamp": 1732039975173,
            "isBuyerMaker": true,
            "isBestMatch": true
        },
        {
            "agg_trade_id": 1283003573,
            "price": "3124.51000000",
            "quantity": "0.00180000",
            "first_trade_id": 1786447879,
            "last_trade_id": 1786447879,
            "timestamp": 1732039975173,
            "isBuyerMaker": true,
            "isBestMatch": true
        },
        {
            "agg_trade_id": 1283003574,
            "price": "3124.51000000",
            "quantity": "0.00180000",
            "first_trade_id": 1786447880,
            "last_trade_id": 1786447880,
            "timestamp": 1732039975173,
            "isBuyerMaker": true,
            "isBestMatch": true
        },
        {
            "agg_trade_id": 1283003575,
            "price": "3124.51000000",
            "quantity": "0.00120000",
            "first_trade_id": 1786447881,
            "last_trade_id": 1786447881,
            "timestamp": 1732039975173,
            "isBuyerMaker": true,
            "isBestMatch": true
        },
        {
            "agg_trade_id": 1283003576,
            "price": "3124.50000000",
            "quantity": "0.00060000",
            "first_trade_id": 1786447882,
            "last_trade_id": 1786447882,
            "timestamp": 1732039975173,
            "isBuyerMaker": true,
            "isBestMatch": true
        },
        {
            "agg_trade_id": 1283003577,
            "price": "3124.50000000",
            "quantity": "0.09730000",
            "first_trade_id": 1786447883,
            "last_trade_id": 1786447883,
            "timestamp": 1732039975365,
            "isBuyerMaker": true,
            "isBestMatch": true
        },
        {
            "agg_trade_id": 1283003578,
            "price": "3124.50000000",
            "quantity": "0.07310000",
            "first_trade_id": 1786447884,
            "last_trade_id": 1786447884,
            "timestamp": 1732039975375,
            "isBuyerMaker": true,
            "isBestMatch": true
        },
        {
            "agg_trade_id": 1283003579,
            "price": "3124.50000000",
            "quantity": "0.08590000",
            "first_trade_id": 1786447885,
            "last_trade_id": 1786447885,
            "timestamp": 1732039975803,
            "isBuyerMaker": true,
            "isBestMatch": true
        },
        {
            "agg_trade_id": 1283003580,
            "price": "3124.50000000",
            "quantity": "1.08320000",
            "first_trade_id": 1786447886,
            "last_trade_id": 1786447892,
            "timestamp": 1732039976824,
            "isBuyerMaker": true,
            "isBestMatch": true
        },
        {
            "agg_trade_id": 1283003581,
            "price": "3124.50000000",
            "quantity": "0.15880000",
            "first_trade_id": 1786447893,
            "last_trade_id": 1786447894,
            "timestamp": 1732039976878,
            "isBuyerMaker": true,
            "isBestMatch": true
        },
        {
            "agg_trade_id": 1283003582,
            "price": "3124.49000000",
            "quantity": "0.03660000",
            "first_trade_id": 1786447895,
            "last_trade_id": 1786447914,
            "timestamp": 1732039976878,
            "isBuyerMaker": true,
            "isBestMatch": true
        },
        {
            "agg_trade_id": 1283003583,
            "price": "3124.48000000",
            "quantity": "0.15220000",
            "first_trade_id": 1786447915,
            "last_trade_id": 1786447917,
            "timestamp": 1732039976878,
            "isBuyerMaker": true,
            "isBestMatch": true
        },
        {
            "agg_trade_id": 1283003584,
            "price": "3124.44000000",
            "quantity": "0.02650000",
            "first_trade_id": 1786447918,
            "last_trade_id": 1786447930,
            "timestamp": 1732039976878,
            "isBuyerMaker": true,
            "isBestMatch": true
        },
        {
            "agg_trade_id": 1283003585,
            "price": "3124.43000000",
            "quantity": "0.09500000",
            "first_trade_id": 1786447931,
            "last_trade_id": 1786447933,
            "timestamp": 1732039976878,
            "isBuyerMaker": true,
            "isBestMatch": true
        },
        {
            "agg_trade_id": 1283003586,
            "price": "3124.39000000",
            "quantity": "0.01600000",
            "first_trade_id": 1786447934,
            "last_trade_id": 1786447934,
            "timestamp": 1732039976878,
            "isBuyerMaker": true,
            "isBestMatch": true
        },
        {
            "agg_trade_id": 1283003587,
            "price": "3124.38000000",
            "quantity": "0.05000000",
            "first_trade_id": 1786447935,
            "last_trade_id": 1786447935,
            "timestamp": 1732039976878,
            "isBuyerMaker": true,
            "isBestMatch": true
        },
        {
            "agg_trade_id": 1283003588,
            "price": "3124.25000000",
            "quantity": "0.03230000",
            "first_trade_id": 1786447936,
            "last_trade_id": 1786447954,
            "timestamp": 1732039976878,
            "isBuyerMaker": true,
            "isBestMatch": true
        },
        {
            "agg_trade_id": 1283003589,
            "price": "3124.24000000",
            "quantity": "1.08470000",
            "first_trade_id": 1786447955,
            "last_trade_id": 1786447957,
            "timestamp": 1732039976878,
            "isBuyerMaker": true,
            "isBestMatch": true
        },
        {
            "agg_trade_id": 1283003590,
            "price": "3124.24000000",
            "quantity": "0.00180000",
            "first_trade_id": 1786447958,
            "last_trade_id": 1786447958,
            "timestamp": 1732039976882,
            "isBuyerMaker": true,
            "isBestMatch": true
        },
        {
            "agg_trade_id": 1283003591,
            "price": "3124.24000000",
            "quantity": "0.00180000",
            "first_trade_id": 1786447959,
            "last_trade_id": 1786447960,
            "timestamp": 1732039976882,
            "isBuyerMaker": true,
            "isBestMatch": true
        },
        {
            "agg_trade_id": 1283003592,
            "price": "3124.24000000",
            "quantity": "0.00180000",
            "first_trade_id": 1786447961,
            "last_trade_id": 1786447961,
            "timestamp": 1732039976882,
            "isBuyerMaker": true,
            "isBestMatch": true
        },
        {
            "agg_trade_id": 1283003593,
            "price": "3124.24000000",
            "quantity": "0.00180000",
            "first_trade_id": 1786447962,
            "last_trade_id": 1786447962,
            "timestamp": 1732039976882,
            "isBuyerMaker": true,
            "isBestMatch": true
        },
        {
            "agg_trade_id": 1283003594,
            "price": "3124.24000000",
            "quantity": "0.00180000",
            "first_trade_id": 1786447963,
            "last_trade_id": 1786447963,
            "timestamp": 1732039976882,
            "isBuyerMaker": true,
            "isBestMatch": true
        },
        {
            "agg_trade_id": 1283003595,
            "price": "3124.24000000",
            "quantity": "0.00180000",
            "first_trade_id": 1786447964,
            "last_trade_id": 1786447964,
            "timestamp": 1732039976882,
            "isBuyerMaker": true,
            "isBestMatch": true
        },
        {
            "agg_trade_id": 1283003596,
            "price": "3124.24000000",
            "quantity": "0.00180000",
            "first_trade_id": 1786447965,
            "last_trade_id": 1786447965,
            "timestamp": 1732039976882,
            "isBuyerMaker": true,
            "isBestMatch": true
        },
        {
            "agg_trade_id": 1283003597,
            "price": "3124.24000000",
            "quantity": "0.00180000",
            "first_trade_id": 1786447966,
            "last_trade_id": 1786447966,
            "timestamp": 1732039976882,
            "isBuyerMaker": true,
            "isBestMatch": true
        },
        {
            "agg_trade_id": 1283003598,
            "price": "3124.24000000",
            "quantity": "0.00180000",
            "first_trade_id": 1786447967,
            "last_trade_id": 1786447967,
            "timestamp": 1732039976882,
            "isBuyerMaker": true,
            "isBestMatch": true
        },
        {
            "agg_trade_id": 1283003599,
            "price": "3124.24000000",
            "quantity": "0.00180000",
            "first_trade_id": 1786447968,
            "last_trade_id": 1786447968,
            "timestamp": 1732039976882,
            "isBuyerMaker": true,
            "isBestMatch": true
        },
        {
            "agg_trade_id": 1283003600,
            "price": "3124.24000000",
            "quantity": "0.00180000",
            "first_trade_id": 1786447969,
            "last_trade_id": 1786447969,
            "timestamp": 1732039976882,
            "isBuyerMaker": true,
            "isBestMatch": true
        },
        {
            "agg_trade_id": 1283003601,
            "price": "3124.24000000",
            "quantity": "0.00180000",
            "first_trade_id": 1786447970,
            "last_trade_id": 1786447970,
            "timestamp": 1732039976882,
            "isBuyerMaker": true,
            "isBestMatch": true
        },
        {
            "agg_trade_id": 1283003602,
            "price": "3124.24000000",
            "quantity": "0.00180000",
            "first_trade_id": 1786447971,
            "last_trade_id": 1786447971,
            "timestamp": 1732039976882,
            "isBuyerMaker": true,
            "isBestMatch": true
        },
        {
            "agg_trade_id": 1283003603,
            "price": "3124.24000000",
            "quantity": "0.00180000",
            "first_trade_id": 1786447972,
            "last_trade_id": 1786447972,
            "timestamp": 1732039976882,
            "isBuyerMaker": true,
            "isBestMatch": true
        },
        {
            "agg_trade_id": 1283003604,
            "price": "3124.24000000",
            "quantity": "0.00180000",
            "first_trade_id": 1786447973,
            "last_trade_id": 1786447973,
            "timestamp": 1732039976882,
            "isBuyerMaker": true,
            "isBestMatch": true
        },
        {
            "agg_trade_id": 1283003605,
            "price": "3124.24000000",
            "quantity": "0.00180000",
            "first_trade_id": 1786447974,
            "last_trade_id": 1786447974,
            "timestamp": 1732039976882,
            "isBuyerMaker": true,
            "isBestMatch": true
        },
        {
            "agg_trade_id": 1283003606,
            "price": "3124.24000000",
            "quantity": "0.00180000",
            "first_trade_id": 1786447975,
            "last_trade_id": 1786447975,
            "timestamp": 1732039976882,
            "isBuyerMaker": true,
            "isBestMatch": true
        },
        {
            "agg_trade_id": 1283003607,
            "price": "3124.24000000",
            "quantity": "0.00180000",
            "first_trade_id": 1786447976,
            "last_trade_id": 1786447976,
            "timestamp": 1732039976882,
            "isBuyerMaker": true,
            "isBestMatch": true
        },
        {
            "agg_trade_id": 1283003608,
            "price": "3124.24000000",
            "quantity": "0.00180000",
            "first_trade_id": 1786447977,
            "last_trade_id": 1786447977,
            "timestamp": 1732039976882,
            "isBuyerMaker": true,
            "isBestMatch": true
        },
        {
            "agg_trade_id": 1283003609,
            "price": "3124.24000000",
            "quantity": "0.00180000",
            "first_trade_id": 1786447978,
            "last_trade_id": 1786447978,
            "timestamp": 1732039976882,
            "isBuyerMaker": true,
            "isBestMatch": true
        },
        {
            "agg_trade_id": 1283003610,
            "price": "3124.24000000",
            "quantity": "0.00180000",
            "first_trade_id": 1786447979,
            "last_trade_id": 1786447979,
            "timestamp": 1732039976883,
            "isBuyerMaker": true,
            "isBestMatch": true
        },
        {
            "agg_trade_id": 1283003611,
            "price": "3124.24000000",
            "quantity": "0.00180000",
            "first_trade_id": 1786447980,
            "last_trade_id": 1786447980,
            "timestamp": 1732039976883,
            "isBuyerMaker": true,
            "isBestMatch": true
        },
        {
            "agg_trade_id": 1283003612,
            "price": "3124.24000000",
            "quantity": "0.00180000",
            "first_trade_id": 1786447981,
            "last_trade_id": 1786447981,
            "timestamp": 1732039976883,
            "isBuyerMaker": true,
            "isBestMatch": true
        },
        {
            "agg_trade_id": 1283003613,
            "price": "3124.24000000",
            "quantity": "0.00180000",
            "first_trade_id": 1786447982,
            "last_trade_id": 1786447982,
            "timestamp": 1732039976883,
            "isBuyerMaker": true,
            "isBestMatch": true
        },
        {
            "agg_trade_id": 1283003614,
            "price": "3124.24000000",
            "quantity": "0.00180000",
            "first_trade_id": 1786447983,
            "last_trade_id": 1786447983,
            "timestamp": 1732039976883,
            "isBuyerMaker": true,
            "isBestMatch": true
        },
        {
            "agg_trade_id": 1283003615,
            "price": "3124.24000000",
            "quantity": "0.00180000",
            "first_trade_id": 1786447984,
            "last_trade_id": 1786447984,
            "timestamp": 1732039976898,
            "isBuyerMaker": true,
            "isBestMatch": true
        },
        {
            "agg_trade_id": 1283003616,
            "price": "3124.24000000",
            "quantity": "0.00120000",
            "first_trade_id": 1786447985,
            "last_trade_id": 1786447985,
            "timestamp": 1732039976898,
            "isBuyerMaker": true,
            "isBestMatch": true
        },
        {
            "agg_trade_id": 1283003617,
            "price": "3124.18000000",
            "quantity": "0.00060000",
            "first_trade_id": 1786447986,
            "last_trade_id": 1786447986,
            "timestamp": 1732039976898,
            "isBuyerMaker": true,
            "isBestMatch": true
        },
        {
            "agg_trade_id": 1283003618,
            "price": "3124.18000000",
            "quantity": "0.00180000",
            "first_trade_id": 1786447987,
            "last_trade_id": 1786447987,
            "timestamp": 1732039976898,
            "isBuyerMaker": true,
            "isBestMatch": true
        },
        {
            "agg_trade_id": 1283003619,
            "price": "3124.18000000",
            "quantity": "0.00180000",
            "first_trade_id": 1786447988,
            "last_trade_id": 1786447988,
            "timestamp": 1732039976898,
            "isBuyerMaker": true,
            "isBestMatch": true
        },
        {
            "agg_trade_id": 1283003620,
            "price": "3124.18000000",
            "quantity": "0.00180000",
            "first_trade_id": 1786447989,
            "last_trade_id": 1786447989,
            "timestamp": 1732039976898,
            "isBuyerMaker": true,
            "isBestMatch": true
        },
        {
            "agg_trade_id": 1283003621,
            "price": "3124.18000000",
            "quantity": "0.00180000",
            "first_trade_id": 1786447990,
            "last_trade_id": 1786447990,
            "timestamp": 1732039976898,
            "isBuyerMaker": true,
            "isBestMatch": true
        },
        {
            "agg_trade_id": 1283003622,
            "price": "3124.18000000",
            "quantity": "0.00180000",
            "first_trade_id": 1786447991,
            "last_trade_id": 1786447991,
            "timestamp": 1732039976898,
            "isBuyerMaker": true,
            "isBestMatch": true
        },
        {
            "agg_trade_id": 1283003623,
            "price": "3124.18000000",
            "quantity": "0.00180000",
            "first_trade_id": 1786447992,
            "last_trade_id": 1786447992,
            "timestamp": 1732039976898,
            "isBuyerMaker": true,
            "isBestMatch": true
        },
        {
            "agg_trade_id": 1283003624,
            "price": "3124.18000000",
            "quantity": "0.00180000",
            "first_trade_id": 1786447993,
            "last_trade_id": 1786447993,
            "timestamp": 1732039976898,
            "isBuyerMaker": true,
            "isBestMatch": true
        },
        {
            "agg_trade_id": 1283003625,
            "price": "3124.18000000",
            "quantity": "0.00180000",
            "first_trade_id": 1786447994,
            "last_trade_id": 1786447994,
            "timestamp": 1732039976898,
            "isBuyerMaker": true,
            "isBestMatch": true
        },
        {
            "agg_trade_id": 1283003626,
            "price": "3124.18000000",
            "quantity": "0.00180000",
            "first_trade_id": 1786447995,
            "last_trade_id": 1786447995,
            "timestamp": 1732039976898,
            "isBuyerMaker": true,
            "isBestMatch": true
        },
        {
            "agg_trade_id": 1283003627,
            "price": "3124.18000000",
            "quantity": "0.00180000",
            "first_trade_id": 1786447996,
            "last_trade_id": 1786447996,
            "timestamp": 1732039976898,
            "isBuyerMaker": true,
            "isBestMatch": true
        },
        {
            "agg_trade_id": 1283003628,
            "price": "3124.18000000",
            "quantity": "0.00180000",
            "first_trade_id": 1786447997,
            "last_trade_id": 1786447997,
            "timestamp": 1732039976898,
            "isBuyerMaker": true,
            "isBestMatch": true
        },
        {
            "agg_trade_id": 1283003629,
            "price": "3124.18000000",
            "quantity": "0.00180000",
            "first_trade_id": 1786447998,
            "last_trade_id": 1786447998,
            "timestamp": 1732039976898,
            "isBuyerMaker": true,
            "isBestMatch": true
        },
        {
            "agg_trade_id": 1283003630,
            "price": "3124.18000000",
            "quantity": "0.00180000",
            "first_trade_id": 1786447999,
            "last_trade_id": 1786447999,
            "timestamp": 1732039976898,
            "isBuyerMaker": true,
            "isBestMatch": true
        },
        {
            "agg_trade_id": 1283003631,
            "price": "3124.18000000",
            "quantity": "0.00180000",
            "first_trade_id": 1786448000,
            "last_trade_id": 1786448000,
            "timestamp": 1732039976898,
            "isBuyerMaker": true,
            "isBestMatch": true
        },
        {
            "agg_trade_id": 1283003632,
            "price": "3124.18000000",
            "quantity": "0.00180000",
            "first_trade_id": 1786448001,
            "last_trade_id": 1786448001,
            "timestamp": 1732039976898,
            "isBuyerMaker": true,
            "isBestMatch": true
        },
        {
            "agg_trade_id": 1283003633,
            "price": "3124.18000000",
            "quantity": "0.00180000",
            "first_trade_id": 1786448002,
            "last_trade_id": 1786448002,
            "timestamp": 1732039976898,
            "isBuyerMaker": true,
            "isBestMatch": true
        },
        {
            "agg_trade_id": 1283003634,
            "price": "3124.18000000",
            "quantity": "0.00180000",
            "first_trade_id": 1786448003,
            "last_trade_id": 1786448003,
            "timestamp": 1732039976898,
            "isBuyerMaker": true,
            "isBestMatch": true
        },
        {
            "agg_trade_id": 1283003635,
            "price": "3124.18000000",
            "quantity": "0.00180000",
            "first_trade_id": 1786448004,
            "last_trade_id": 1786448004,
            "timestamp": 1732039976898,
            "isBuyerMaker": true,
            "isBestMatch": true
        },
        {
            "agg_trade_id": 1283003636,
            "price": "3124.18000000",
            "quantity": "0.00180000",
            "first_trade_id": 1786448005,
            "last_trade_id": 1786448005,
            "timestamp": 1732039976898,
            "isBuyerMaker": true,
            "isBestMatch": true
        },
        {
            "agg_trade_id": 1283003637,
            "price": "3124.18000000",
            "quantity": "0.00180000",
            "first_trade_id": 1786448006,
            "last_trade_id": 1786448006,
            "timestamp": 1732039976898,
            "isBuyerMaker": true,
            "isBestMatch": true
        },
        {
            "agg_trade_id": 1283003638,
            "price": "3124.24000000",
            "quantity": "0.00180000",
            "first_trade_id": 1786448007,
            "last_trade_id": 1786448007,
            "timestamp": 1732039976898,
            "isBuyerMaker": true,
            "isBestMatch": true
        },
        {
            "agg_trade_id": 1283003639,
            "price": "3124.24000000",
            "quantity": "0.00180000",
            "first_trade_id": 1786448008,
            "last_trade_id": 1786448009,
            "timestamp": 1732039976899,
            "isBuyerMaker": true,
            "isBestMatch": true
        },
        {
            "agg_trade_id": 1283003640,
            "price": "3124.24000000",
            "quantity": "0.00180000",
            "first_trade_id": 1786448010,
            "last_trade_id": 1786448010,
            "timestamp": 1732039976899,
            "isBuyerMaker": true,
            "isBestMatch": true
        },
        {
            "agg_trade_id": 1283003641,
            "price": "3124.24000000",
            "quantity": "0.00180000",
            "first_trade_id": 1786448011,
            "last_trade_id": 1786448012,
            "timestamp": 1732039976905,
            "isBuyerMaker": true,
            "isBestMatch": true
        },
        {
            "agg_trade_id": 1283003642,
            "price": "3124.24000000",
            "quantity": "0.00180000",
            "first_trade_id": 1786448013,
            "last_trade_id": 1786448013,
            "timestamp": 1732039976905,
            "isBuyerMaker": true,
            "isBestMatch": true
        },
        {
            "agg_trade_id": 1283003643,
            "price": "3124.24000000",
            "quantity": "0.00180000",
            "first_trade_id": 1786448014,
            "last_trade_id": 1786448014,
            "timestamp": 1732039976905,
            "isBuyerMaker": true,
            "isBestMatch": true
        },
        {
            "agg_trade_id": 1283003644,
            "price": "3124.24000000",
            "quantity": "0.00120000",
            "first_trade_id": 1786448015,
            "last_trade_id": 1786448015,
            "timestamp": 1732039976905,
            "isBuyerMaker": true,
            "isBestMatch": true
        },
        {
            "agg_trade_id": 1283003645,
            "price": "3124.18000000",
            "quantity": "0.00060000",
            "first_trade_id": 1786448016,
            "last_trade_id": 1786448016,
            "timestamp": 1732039976905,
            "isBuyerMaker": true,
            "isBestMatch": true
        },
        {
            "agg_trade_id": 1283003646,
            "price": "3124.19000000",
            "quantity": "0.00490000",
            "first_trade_id": 1786448017,
            "last_trade_id": 1786448017,
            "timestamp": 1732039976911,
            "isBuyerMaker": false,
            "isBestMatch": true
        },
        {
            "agg_trade_id": 1283003647,
            "price": "3124.19000000",
            "quantity": "0.00490000",
            "first_trade_id": 1786448018,
            "last_trade_id": 1786448018,
            "timestamp": 1732039976915,
            "isBuyerMaker": false,
            "isBestMatch": true
        },
        {
            "agg_trade_id": 1283003648,
            "price": "3124.19000000",
            "quantity": "0.00420000",
            "first_trade_id": 1786448019,
            "last_trade_id": 1786448019,
            "timestamp": 1732039976921,
            "isBuyerMaker": false,
            "isBestMatch": true
        },
        {
            "agg_trade_id": 1283003649,
            "price": "3124.19000000",
            "quantity": "0.00490000",
            "first_trade_id": 1786448020,
            "last_trade_id": 1786448020,
            "timestamp": 1732039976937,
            "isBuyerMaker": false,
            "isBestMatch": true
        },
        {
            "agg_trade_id": 1283003650,
            "price": "3124.19000000",
            "quantity": "0.00490000",
            "first_trade_id": 1786448021,
            "last_trade_id": 1786448021,
            "timestamp": 1732039976940,
            "isBuyerMaker": false,
            "isBestMatch": true
        },
        {
            "agg_trade_id": 1283003651,
            "price": "3124.19000000",
            "quantity": "0.00490000",
            "first_trade_id": 1786448022,
            "last_trade_id": 1786448022,
            "timestamp": 1732039976942,
            "isBuyerMaker": false,
            "isBestMatch": true
        },
        {
            "agg_trade_id": 1283003652,
            "price": "3124.19000000",
            "quantity": "0.00420000",
            "first_trade_id": 1786448023,
            "last_trade_id": 1786448023,
            "timestamp": 1732039976946,
            "isBuyerMaker": false,
            "isBestMatch": true
        },
        {
            "agg_trade_id": 1283003653,
            "price": "3124.19000000",
            "quantity": "0.00420000",
            "first_trade_id": 1786448024,
            "last_trade_id": 1786448024,
            "timestamp": 1732039976950,
            "isBuyerMaker": false,
            "isBestMatch": true
        },
        {
            "agg_trade_id": 1283003654,
            "price": "3124.19000000",
            "quantity": "0.00420000",
            "first_trade_id": 1786448025,
            "last_trade_id": 1786448025,
            "timestamp": 1732039976950,
            "isBuyerMaker": false,
            "isBestMatch": true
        },
        {
            "agg_trade_id": 1283003655,
            "price": "3124.19000000",
            "quantity": "0.00490000",
            "first_trade_id": 1786448026,
            "last_trade_id": 1786448026,
            "timestamp": 1732039976952,
            "isBuyerMaker": false,
            "isBestMatch": true
        },
        {
            "agg_trade_id": 1283003656,
            "price": "3124.19000000",
            "quantity": "0.00420000",
            "first_trade_id": 1786448027,
            "last_trade_id": 1786448027,
            "timestamp": 1732039976952,
            "isBuyerMaker": false,
            "isBestMatch": true
        },
        {
            "agg_trade_id": 1283003657,
            "price": "3124.19000000",
            "quantity": "0.00490000",
            "first_trade_id": 1786448028,
            "last_trade_id": 1786448028,
            "timestamp": 1732039976955,
            "isBuyerMaker": false,
            "isBestMatch": true
        },
        {
            "agg_trade_id": 1283003658,
            "price": "3124.19000000",
            "quantity": "0.00490000",
            "first_trade_id": 1786448029,
            "last_trade_id": 1786448029,
            "timestamp": 1732039976956,
            "isBuyerMaker": false,
            "isBestMatch": true
        },
        {
            "agg_trade_id": 1283003659,
            "price": "3124.19000000",
            "quantity": "0.00420000",
            "first_trade_id": 1786448030,
            "last_trade_id": 1786448030,
            "timestamp": 1732039976958,
            "isBuyerMaker": false,
            "isBestMatch": true
        },
        {
            "agg_trade_id": 1283003660,
            "price": "3124.19000000",
            "quantity": "0.00490000",
            "first_trade_id": 1786448031,
            "last_trade_id": 1786448031,
            "timestamp": 1732039976967,
            "isBuyerMaker": false,
            "isBestMatch": true
        },
        {
            "agg_trade_id": 1283003661,
            "price": "3124.19000000",
            "quantity": "0.00490000",
            "first_trade_id": 1786448032,
            "last_trade_id": 1786448032,
            "timestamp": 1732039976968,
            "isBuyerMaker": false,
            "isBestMatch": true
        },
        {
            "agg_trade_id": 1283003662,
            "price": "3124.19000000",
            "quantity": "0.00490000",
            "first_trade_id": 1786448033,
            "last_trade_id": 1786448033,
            "timestamp": 1732039976971,
            "isBuyerMaker": false,
            "isBestMatch": true
        },
        {
            "agg_trade_id": 1283003663,
            "price": "3124.19000000",
            "quantity": "0.00490000",
            "first_trade_id": 1786448034,
            "last_trade_id": 1786448034,
            "timestamp": 1732039976971,
            "isBuyerMaker": false,
            "isBestMatch": true
        },
        {
            "agg_trade_id": 1283003664,
            "price": "3124.19000000",
            "quantity": "0.00420000",
            "first_trade_id": 1786448035,
            "last_trade_id": 1786448035,
            "timestamp": 1732039976972,
            "isBuyerMaker": false,
            "isBestMatch": true
        },
        {
            "agg_trade_id": 1283003665,
            "price": "3124.19000000",
            "quantity": "0.00490000",
            "first_trade_id": 1786448036,
            "last_trade_id": 1786448036,
            "timestamp": 1732039976973,
            "isBuyerMaker": false,
            "isBestMatch": true
        },
        {
            "agg_trade_id": 1283003666,
            "price": "3124.19000000",
            "quantity": "0.00490000",
            "first_trade_id": 1786448037,
            "last_trade_id": 1786448037,
            "timestamp": 1732039976974,
            "isBuyerMaker": false,
            "isBestMatch": true
        },
        {
            "agg_trade_id": 1283003667,
            "price": "3124.19000000",
            "quantity": "0.00490000",
            "first_trade_id": 1786448038,
            "last_trade_id": 1786448038,
            "timestamp": 1732039976974,
            "isBuyerMaker": false,
            "isBestMatch": true
        },
        {
