{
    "data": [
        {
            "agg_trade_id": 281720347,
            "price": "0.00002539",
            "quantity": "3944618.00",
            "first_trade_id": 964420264,
            "last_trade_id": 964420361,
            "timestamp": 1732039695671,
            "isBuyerMaker": true,
            "isBestMatch": true
        },
        {
            "agg_trade_id": 281720348,
            "price": "0.00002539",
            "quantity": "1177399.00",
            "first_trade_id": 964420362,
            "last_trade_id": 964420390,
            "timestamp": 1732039695872,
            "isBuyerMaker": true,
            "isBestMatch": true
        },
        {
            "agg_trade_id": 281720349,
            "price": "0.00002540",
            "quantity": "63130858.00",
            "first_trade_id": 964420391,
            "last_trade_id": 964420391,
            "timestamp": 1732039695960,
            "isBuyerMaker": false,
            "isBestMatch": true
        },
        {
            "agg_trade_id": 281720350,
            "price": "0.00002539",
            "quantity": "64071.00",
            "first_trade_id": 964420392,
            "last_trade_id": 964420394,
            "timestamp": 1732039698719,
            "isBuyerMaker": true,
            "isBestMatch": true
        },
        {
            "agg_trade_id": 281720351,
            "price": "0.00002540",
            "quantity": "472440.00",
            "first_trade_id": 964420395,
            "last_trade_id": 964420395,
            "timestamp": 1732039699201,
            "isBuyerMaker": false,
            "isBestMatch": true
        },
        {
            "agg_trade_id": 281720352,
            "price": "0.00002540",
            "quantity": "200824.00",
            "first_trade_id": 964420396,
            "last_trade_id": 964420396,
            "timestamp": 1732039701296,
            "isBuyerMaker": false,
            "isBestMatch": true
        },
        {
            "agg_trade_id": 281720353,
            "price": "0.00002539",
            "quantity": "12700000.00",
            "first_trade_id": 964420397,
            "last_trade_id": 964420571,
            "timestamp": 1732039703710,
            "isBuyerMaker": true,
            "isBestMatch": true
        },
        {
            "agg_trade_id": 281720354,
            "price": "0.00002539",
            "quantity": "1294635.00",
            "first_trade_id": 964420572,
            "last_trade_id": 964420598,
            "timestamp": 1732039703743,
            "isBuyerMaker": true,
            "isBestMatch": true
        },
        {
            "agg_trade_id": 281720355,
            "price": "0.00002539",
            "quantity": "136508993.00",
            "first_trade_id": 964420599,
            "last_trade_id": 964420600,
            "timestamp": 1732039704042,
            "isBuyerMaker": false,
            "isBestMatch": true
        },
        {
            "agg_trade_id": 281720356,
            "price": "0.00002538",
            "quantity": "10666666.00",
            "first_trade_id": 964420601,
            "last_trade_id": 964420601,
            "timestamp": 1732039704344,
            "isBuyerMaker": true,
            "isBestMatch": true
        },
        {
            "agg_trade_id": 281720357,
            "price": "0.00002539",
            "quantity": "446042.00",
            "first_trade_id": 964420602,
            "last_trade_id": 964420602,
            "timestamp": 1732039705418,
            "isBuyerMaker": false,
            "isBestMatch": true
        },
        {
            "agg_trade_id": 281720358,
            "price": "0.00002538",
            "quantity": "11622015.00",
            "first_trade_id": 964420603,
            "last_trade_id": 964420603,
            "timestamp": 1732039706157,
            "isBuyerMaker": true,
            "isBestMatch": true
        },
        {
            "agg_trade_id": 281720359,
            "price": "0.00002538",
            "quantity": "10666667.00",
            "first_trade_id": 964420604,
            "last_trade_id": 964420604,
            "timestamp": 1732039706343,
            "isBuyerMaker": true,
            "isBestMatch": true
        },
        {
            "agg_trade_id": 281720360,
            "price": "0.00002538",
            "quantity": "228236.00",
            "first_trade_id": 964420605,
            "last_trade_id": 964420605,
            "timestamp": 1732039706788,
            "isBuyerMaker": true,
            "isBestMatch": true
        },
        {
            "agg_trade_id": 281720361,
            "price": "0.00002539",
            "quantity": "92118.00",
            "first_trade_id": 964420606,
            "last_trade_id": 964420606,
            "timestamp": 1732039706852,
            "isBuyerMaker": false,
            "isBestMatch": true
        },
        {
            "agg_trade_id": 281720362,
            "price": "0.00002539",
            "quantity": "14135955.00",
            "first_trade_id": 964420607,
            "last_trade_id": 964420610,
            "timestamp": 1732039707005,
            "isBuyerMaker": false,
            "isBestMatch": true
        },
        {
            "agg_trade_id": 281720363,
            "price": "0.00002538",
            "quantity": "12996972.00",
            "first_trade_id": 964420611,
            "last_trade_id": 964420612,
            "timestamp": 1732039707157,
            "isBuyerMaker": true,
            "isBestMatch": true
        },
        {
            "agg_trade_id": 281720364,
            "price": "0.00002538",
            "quantity": "10666667.00",
            "first_trade_id": 964420613,
            "last_trade_id": 964420613,
            "timestamp": 1732039707344,
            "isBuyerMaker": true,
            "isBestMatch": true
        },
        {
            "agg_trade_id": 281720365,
            "price": "0.00002539",
            "quantity": "19675000.00",
            "first_trade_id": 964420614,
            "last_trade_id": 964420614,
            "timestamp": 1732039707523,
            "isBuyerMaker": false,
            "isBestMatch": true
        },
        {
            "agg_trade_id": 281720366,
            "price": "0.00002539",
            "quantity": "49087820.00",
            "first_trade_id": 964420615,
            "last_trade_id": 964420615,
            "timestamp": 1732039708881,
            "isBuyerMaker": false,
            "isBestMatch": true
        },
        {
            "agg_trade_id": 281720367,
            "price": "0.00002539",
            "quantity": "117995.00",
            "first_trade_id": 964420616,
            "last_trade_id": 964420616,
            "timestamp": 1732039709360,
            "isBuyerMaker": false,
            "isBestMatch": true
        },
        {
            "agg_trade_id": 281720368,
            "price": "0.00002539",
            "quantity": "4183937.00",
            "first_trade_id": 964420617,
            "last_trade_id": 964420617,
            "timestamp": 1732039709586,
            "isBuyerMaker": false,
            "isBestMatch": true
        },
        {
            "agg_trade_id": 281720369,
            "price": "0.00002539",
            "quantity": "30101170.00",
            "first_trade_id": 964420618,
            "last_trade_id": 964420618,
            "timestamp": 1732039709586,
            "isBuyerMaker": false,
            "isBestMatch": true
        },
        {
            "agg_trade_id": 281720370,
            "price": "0.00002539",
            "quantity": "52819144.00",
            "first_trade_id": 964420619,
            "last_trade_id": 964420619,
            "timestamp": 1732039709586,
            "isBuyerMaker": false,
            "isBestMatch": true
        },
        {
            "agg_trade_id": 281720371,
            "price": "0.00002539",
            "quantity": "49386131.00",
            "first_trade_id": 964420620,
            "last_trade_id": 964420620,
            "timestamp": 1732039709586,
            "isBuyerMaker": false,
            "isBestMatch": true
        },
        {
            "agg_trade_id": 281720372,
            "price": "0.00002539",
            "quantity": "11664967.00",
            "first_trade_id": 964420621,
            "last_trade_id": 964420621,
            "timestamp": 1732039709586,
            "isBuyerMaker": false,
            "isBestMatch": true
        },
        {
            "agg_trade_id": 281720373,
            "price": "0.00002539",
            "quantity": "138445017.00",
            "first_trade_id": 964420622,
            "last_trade_id": 964420839,
            "timestamp": 1732039709586,
            "isBuyerMaker": false,
            "isBestMatch": true
        },
        {
            "agg_trade_id": 281720374,
            "price": "0.00002540",
            "quantity": "40000000.00",
            "first_trade_id": 964420840,
            "last_trade_id": 964420950,
            "timestamp": 1732039709588,
            "isBuyerMaker": false,
            "isBestMatch": true
        },
        {
            "agg_trade_id": 281720375,
            "price": "0.00002539",
            "quantity": "19392559.00",
            "first_trade_id": 964420951,
            "last_trade_id": 964420952,
            "timestamp": 1732039710024,
            "isBuyerMaker": true,
            "isBestMatch": true
        },
        {
            "agg_trade_id": 281720376,
            "price": "0.00002540",
            "quantity": "19668000.00",
            "first_trade_id": 964420953,
            "last_trade_id": 964420953,
            "timestamp": 1732039710894,
            "isBuyerMaker": false,
            "isBestMatch": true
        },
        {
            "agg_trade_id": 281720377,
            "price": "0.00002539",
            "quantity": "5333956.00",
            "first_trade_id": 964420954,
            "last_trade_id": 964420954,
            "timestamp": 1732039711122,
            "isBuyerMaker": true,
            "isBestMatch": true
        },
        {
            "agg_trade_id": 281720378,
            "price": "0.00002539",
            "quantity": "16571014.00",
            "first_trade_id": 964420955,
            "last_trade_id": 964420955,
            "timestamp": 1732039712878,
            "isBuyerMaker": true,
            "isBestMatch": true
        },
        {
            "agg_trade_id": 281720379,
            "price": "0.00002539",
            "quantity": "204805.00",
            "first_trade_id": 964420956,
            "last_trade_id": 964420956,
            "timestamp": 1732039713471,
            "isBuyerMaker": true,
            "isBestMatch": true
        },
        {
            "agg_trade_id": 281720380,
            "price": "0.00002539",
            "quantity": "2235913.00",
            "first_trade_id": 964420957,
            "last_trade_id": 964420957,
            "timestamp": 1732039714324,
            "isBuyerMaker": true,
            "isBestMatch": true
        },
        {
            "agg_trade_id": 281720381,
            "price": "0.00002539",
            "quantity": "246400000.00",
            "first_trade_id": 964420958,
            "last_trade_id": 964421131,
            "timestamp": 1732039714729,
            "isBuyerMaker": true,
            "isBestMatch": true
        },
        {
            "agg_trade_id": 281720382,
            "price": "0.00002539",
            "quantity": "1352002.00",
            "first_trade_id": 964421132,
            "last_trade_id": 964421132,
            "timestamp": 1732039714729,
            "isBuyerMaker": true,
            "isBestMatch": true
        },
        {
            "agg_trade_id": 281720383,
            "price": "0.00002539",
            "quantity": "86579446.00",
            "first_trade_id": 964421133,
            "last_trade_id": 964421133,
            "timestamp": 1732039714729,
            "isBuyerMaker": true,
            "isBestMatch": true
        },
        {
            "agg_trade_id": 281720384,
            "price": "0.00002539",
            "quantity": "618492677.00",
            "first_trade_id": 964421134,
            "last_trade_id": 964421151,
            "timestamp": 1732039714729,
            "isBuyerMaker": true,
            "isBestMatch": true
        },
        {
            "agg_trade_id": 281720385,
            "price": "0.00002539",
            "quantity": "104854544.00",
            "first_trade_id": 964421152,
            "last_trade_id": 964421153,
            "timestamp": 1732039714779,
            "isBuyerMaker": false,
            "isBestMatch": true
        },
        {
            "agg_trade_id": 281720386,
            "price": "0.00002539",
            "quantity": "21335152.00",
            "first_trade_id": 964421154,
            "last_trade_id": 964421154,
            "timestamp": 1732039714976,
            "isBuyerMaker": false,
            "isBestMatch": true
        },
        {
            "agg_trade_id": 281720387,
            "price": "0.00002539",
            "quantity": "25134741.00",
            "first_trade_id": 964421155,
            "last_trade_id": 964421155,
            "timestamp": 1732039715283,
            "isBuyerMaker": false,
            "isBestMatch": true
        },
        {
            "agg_trade_id": 281720388,
            "price": "0.00002538",
            "quantity": "726660.00",
            "first_trade_id": 964421156,
            "last_trade_id": 964421156,
            "timestamp": 1732039715867,
            "isBuyerMaker": true,
            "isBestMatch": true
        },
        {
            "agg_trade_id": 281720389,
            "price": "0.00002539",
            "quantity": "3259180.00",
            "first_trade_id": 964421157,
            "last_trade_id": 964421164,
            "timestamp": 1732039716240,
            "isBuyerMaker": false,
            "isBestMatch": true
        },
        {
            "agg_trade_id": 281720390,
            "price": "0.00002539",
            "quantity": "91299716.00",
            "first_trade_id": 964421165,
            "last_trade_id": 964421165,
            "timestamp": 1732039717039,
            "isBuyerMaker": false,
            "isBestMatch": true
        },
        {
            "agg_trade_id": 281720391,
            "price": "0.00002539",
            "quantity": "33464957.00",
            "first_trade_id": 964421166,
            "last_trade_id": 964421166,
            "timestamp": 1732039717039,
            "isBuyerMaker": false,
            "isBestMatch": true
        },
        {
            "agg_trade_id": 281720392,
            "price": "0.00002539",
            "quantity": "199151788.00",
            "first_trade_id": 964421167,
            "last_trade_id": 964421351,
            "timestamp": 1732039717039,
            "isBuyerMaker": false,
            "isBestMatch": true
        },
        {
            "agg_trade_id": 281720393,
            "price": "0.00002539",
            "quantity": "17732607.00",
            "first_trade_id": 964421352,
            "last_trade_id": 964421352,
            "timestamp": 1732039717644,
            "isBuyerMaker": true,
            "isBestMatch": true
        },
        {
            "agg_trade_id": 281720394,
            "price": "0.00002539",
            "quantity": "100781.00",
            "first_trade_id": 964421353,
            "last_trade_id": 964421353,
            "timestamp": 1732039718768,
            "isBuyerMaker": true,
            "isBestMatch": true
        },
        {
            "agg_trade_id": 281720395,
            "price": "0.00002540",
            "quantity": "1179954.00",
            "first_trade_id": 964421354,
            "last_trade_id": 964421354,
            "timestamp": 1732039719998,
            "isBuyerMaker": false,
            "isBestMatch": true
        },
        {
            "agg_trade_id": 281720396,
            "price": "0.00002540",
            "quantity": "3934728.00",
            "first_trade_id": 964421355,
            "last_trade_id": 964421355,
            "timestamp": 1732039721676,
            "isBuyerMaker": false,
            "isBestMatch": true
        },
        {
            "agg_trade_id": 281720397,
            "price": "0.00002539",
            "quantity": "9800000.00",
            "first_trade_id": 964421356,
            "last_trade_id": 964421544,
            "timestamp": 1732039722305,
            "isBuyerMaker": true,
            "isBestMatch": true
        },
        {
            "agg_trade_id": 281720398,
            "price": "0.00002539",
            "quantity": "744246.00",
            "first_trade_id": 964421545,
            "last_trade_id": 964421562,
            "timestamp": 1732039722306,
            "isBuyerMaker": true,
            "isBestMatch": true
        },
        {
            "agg_trade_id": 281720399,
            "price": "0.00002538",
            "quantity": "734086.00",
            "first_trade_id": 964421563,
            "last_trade_id": 964421563,
            "timestamp": 1732039722308,
            "isBuyerMaker": true,
            "isBestMatch": true
        },
        {
            "agg_trade_id": 281720400,
            "price": "0.00002538",
            "quantity": "31276604.00",
            "first_trade_id": 964421564,
            "last_trade_id": 964421564,
            "timestamp": 1732039722562,
            "isBuyerMaker": true,
            "isBestMatch": true
        },
        {
            "agg_trade_id": 281720401,
            "price": "0.00002539",
            "quantity": "525462.00",
            "first_trade_id": 964421565,
            "last_trade_id": 964421565,
            "timestamp": 1732039723422,
            "isBuyerMaker": false,
            "isBestMatch": true
        },
        {
            "agg_trade_id": 281720402,
            "price": "0.00002539",
            "quantity": "19674000.00",
            "first_trade_id": 964421566,
            "last_trade_id": 964421722,
            "timestamp": 1732039726103,
            "isBuyerMaker": false,
            "isBestMatch": true
        },
        {
            "agg_trade_id": 281720403,
            "price": "0.00002539",
            "quantity": "22465808.00",
            "first_trade_id": 964421723,
            "last_trade_id": 964421723,
            "timestamp": 1732039727040,
            "isBuyerMaker": false,
            "isBestMatch": true
        },
        {
            "agg_trade_id": 281720404,
            "price": "0.00002539",
            "quantity": "18934337.00",
            "first_trade_id": 964421724,
            "last_trade_id": 964421724,
            "timestamp": 1732039727117,
            "isBuyerMaker": false,
            "isBestMatch": true
        },
        {
            "agg_trade_id": 281720405,
            "price": "0.00002539",
            "quantity": "2723929.00",
            "first_trade_id": 964421725,
            "last_trade_id": 964421725,
            "timestamp": 1732039727272,
            "isBuyerMaker": false,
            "isBestMatch": true
        },
        {
            "agg_trade_id": 281720406,
            "price": "0.00002539",
            "quantity": "2724156.00",
            "first_trade_id": 964421726,
            "last_trade_id": 964421726,
            "timestamp": 1732039727449,
            "isBuyerMaker": false,
            "isBestMatch": true
        },
        {
            "agg_trade_id": 281720407,
            "price": "0.00002539",
            "quantity": "7627770.00",
            "first_trade_id": 964421727,
            "last_trade_id": 964421727,
            "timestamp": 1732039727619,
            "isBuyerMaker": false,
            "isBestMatch": true
        },
        {
            "agg_trade_id": 281720408,
            "price": "0.00002539",
            "quantity": "1851652.00",
            "first_trade_id": 964421728,
            "last_trade_id": 964421728,
            "timestamp": 1732039727631,
            "isBuyerMaker": false,
            "isBestMatch": true
        },
        {
            "agg_trade_id": 281720409,
            "price": "0.00002539",
            "quantity": "1184543.00",
            "first_trade_id": 964421729,
            "last_trade_id": 964421729,
            "timestamp": 1732039727772,
            "isBuyerMaker": false,
            "isBestMatch": true
        },
        {
            "agg_trade_id": 281720410,
            "price": "0.00002539",
            "quantity": "5505724.00",
            "first_trade_id": 964421730,
            "last_trade_id": 964421743,
            "timestamp": 1732039728194,
            "isBuyerMaker": false,
            "isBestMatch": true
        },
        {
            "agg_trade_id": 281720411,
            "price": "0.00002538",
            "quantity": "49999662.00",
            "first_trade_id": 964421744,
            "last_trade_id": 964421904,
            "timestamp": 1732039730027,
            "isBuyerMaker": true,
            "isBestMatch": true
        },
        {
            "agg_trade_id": 281720412,
            "price": "0.00002538",
            "quantity": "2000000.00",
            "first_trade_id": 964421905,
            "last_trade_id": 964421905,
            "timestamp": 1732039731473,
            "isBuyerMaker": true,
            "isBestMatch": true
        },
        {
            "agg_trade_id": 281720413,
            "price": "0.00002539",
            "quantity": "220403.00",
            "first_trade_id": 964421906,
            "last_trade_id": 964421906,
            "timestamp": 1732039731555,
            "isBuyerMaker": false,
            "isBestMatch": true
        },
        {
            "agg_trade_id": 281720414,
            "price": "0.00002539",
            "quantity": "278176410.00",
            "first_trade_id": 964421907,
            "last_trade_id": 964422059,
            "timestamp": 1732039732771,
            "isBuyerMaker": false,
            "isBestMatch": true
        },
        {
            "agg_trade_id": 281720415,
            "price": "0.00002539",
            "quantity": "7281660.00",
            "first_trade_id": 964422060,
            "last_trade_id": 964422060,
            "timestamp": 1732039732793,
            "isBuyerMaker": false,
            "isBestMatch": true
        },
        {
            "agg_trade_id": 281720416,
            "price": "0.00002539",
            "quantity": "734086.00",
            "first_trade_id": 964422061,
            "last_trade_id": 964422061,
            "timestamp": 1732039732941,
            "isBuyerMaker": false,
            "isBestMatch": true
        },
        {
            "agg_trade_id": 281720417,
            "price": "0.00002539",
            "quantity": "734086.00",
            "first_trade_id": 964422062,
            "last_trade_id": 964422062,
            "timestamp": 1732039732941,
            "isBuyerMaker": false,
            "isBestMatch": true
        },
        {
            "agg_trade_id": 281720418,
            "price": "0.00002539",
            "quantity": "734086.00",
            "first_trade_id": 964422063,
            "last_trade_id": 964422063,
            "timestamp": 1732039732941,
            "isBuyerMaker": false,
            "isBestMatch": true
        },
        {
            "agg_trade_id": 281720419,
            "price": "0.00002539",
            "quantity": "734086.00",
            "first_trade_id": 964422064,
            "last_trade_id": 964422064,
            "timestamp": 1732039732941,
            "isBuyerMaker": false,
            "isBestMatch": true
        },
        {
            "agg_trade_id": 281720420,
            "price": "0.00002539",
            "quantity": "734086.00",
            "first_trade_id": 964422065,
            "last_trade_id": 964422065,
            "timestamp": 1732039732941,
            "isBuyerMaker": false,
            "isBestMatch": true
        },
        {
            "agg_trade_id": 281720421,
            "price": "0.00002539",
            "quantity": "734086.00",
            "first_trade_id": 964422066,
            "last_trade_id": 964422066,
            "timestamp": 1732039732941,
            "isBuyerMaker": false,
            "isBestMatch": true
        },
        {
            "agg_trade_id": 281720422,
            "price": "0.00002539",
            "quantity": "734086.00",
            "first_trade_id": 964422067,
            "last_trade_id": 964422078,
            "timestamp": 1732039732941,
            "isBuyerMaker": false,
            "isBestMatch": true
        },
        {
            "agg_trade_id": 281720423,
            "price": "0.00002539",
            "quantity": "734086.00",
            "first_trade_id": 964422079,
            "last_trade_id": 964422094,
            "timestamp": 1732039732941,
            "isBuyerMaker": false,
            "isBestMatch": true
        },
        {
            "agg_trade_id": 281720424,
            "price": "0.00002539",
            "quantity": "734086.00",
            "first_trade_id": 964422095,
            "last_trade_id": 964422107,
            "timestamp": 1732039732941,
            "isBuyerMaker": false,
            "isBestMatch": true
        },
        {
            "agg_trade_id": 281720425,
            "price": "0.00002539",
            "quantity": "465216.00",
            "first_trade_id": 964422108,
            "last_trade_id": 964422115,
            "timestamp": 1732039732941,
            "isBuyerMaker": false,
            "isBestMatch": true
        },
        {
            "agg_trade_id": 281720426,
            "price": "0.00002540",
            "quantity": "268870.00",
            "first_trade_id": 964422116,
            "last_trade_id": 964422116,
            "timestamp": 1732039732941,
            "isBuyerMaker": false,
            "isBestMatch": true
        },
        {
            "agg_trade_id": 281720427,
            "price": "0.00002539",
            "quantity": "368100000.00",
            "first_trade_id": 964422117,
            "last_trade_id": 964422126,
            "timestamp": 1732039733186,
            "isBuyerMaker": true,
            "isBestMatch": true
        },
        {
            "agg_trade_id": 281720428,
            "price": "0.00002539",
            "quantity": "35046387.00",
            "first_trade_id": 964422127,
            "last_trade_id": 964422127,
            "timestamp": 1732039733187,
            "isBuyerMaker": true,
            "isBestMatch": true
        },
        {
            "agg_trade_id": 281720429,
            "price": "0.00002539",
            "quantity": "233004566.00",
            "first_trade_id": 964422128,
            "last_trade_id": 964422218,
            "timestamp": 1732039733187,
            "isBuyerMaker": true,
            "isBestMatch": true
        },
        {
            "agg_trade_id": 281720430,
            "price": "0.00002538",
            "quantity": "39401.00",
            "first_trade_id": 964422219,
            "last_trade_id": 964422219,
            "timestamp": 1732039734379,
            "isBuyerMaker": true,
            "isBestMatch": true
        },
        {
            "agg_trade_id": 281720431,
            "price": "0.00002539",
            "quantity": "11696361.00",
            "first_trade_id": 964422220,
            "last_trade_id": 964422220,
            "timestamp": 1732039735146,
            "isBuyerMaker": false,
            "isBestMatch": true
        },
        {
            "agg_trade_id": 281720432,
            "price": "0.00002539",
            "quantity": "29635554.00",
            "first_trade_id": 964422221,
            "last_trade_id": 964422221,
            "timestamp": 1732039735793,
            "isBuyerMaker": false,
            "isBestMatch": true
        },
        {
            "agg_trade_id": 281720433,
            "price": "0.00002539",
            "quantity": "5280165.00",
            "first_trade_id": 964422222,
            "last_trade_id": 964422222,
            "timestamp": 1732039735823,
            "isBuyerMaker": false,
            "isBestMatch": true
        },
        {
            "agg_trade_id": 281720434,
            "price": "0.00002539",
            "quantity": "300000.00",
            "first_trade_id": 964422223,
            "last_trade_id": 964422223,
            "timestamp": 1732039739595,
            "isBuyerMaker": false,
            "isBestMatch": true
        },
        {
            "agg_trade_id": 281720435,
            "price": "0.00002539",
            "quantity": "51838033.00",
            "first_trade_id": 964422224,
            "last_trade_id": 964422225,
            "timestamp": 1732039741512,
            "isBuyerMaker": false,
            "isBestMatch": true
        },
        {
            "agg_trade_id": 281720436,
            "price": "0.00002539",
            "quantity": "1966955.00",
            "first_trade_id": 964422226,
            "last_trade_id": 964422268,
            "timestamp": 1732039742157,
            "isBuyerMaker": false,
            "isBestMatch": true
        },
        {
            "agg_trade_id": 281720437,
            "price": "0.00002538",
            "quantity": "262832.00",
            "first_trade_id": 964422269,
            "last_trade_id": 964422269,
            "timestamp": 1732039743319,
            "isBuyerMaker": true,
            "isBestMatch": true
        },
        {
            "agg_trade_id": 281720438,
            "price": "0.00002539",
            "quantity": "16236922.00",
            "first_trade_id": 964422270,
            "last_trade_id": 964422400,
            "timestamp": 1732039743408,
            "isBuyerMaker": false,
            "isBestMatch": true
        },
        {
            "agg_trade_id": 281720439,
            "price": "0.00002539",
            "quantity": "10014390.00",
            "first_trade_id": 964422401,
            "last_trade_id": 964422401,
            "timestamp": 1732039743408,
            "isBuyerMaker": false,
            "isBestMatch": true
        },
        {
            "agg_trade_id": 281720440,
            "price": "0.00002539",
            "quantity": "52900486.00",
            "first_trade_id": 964422402,
            "last_trade_id": 964422468,
            "timestamp": 1732039743409,
            "isBuyerMaker": false,
            "isBestMatch": true
        },
        {
            "agg_trade_id": 281720441,
            "price": "0.00002539",
            "quantity": "507209.00",
            "first_trade_id": 964422469,
            "last_trade_id": 964422469,
            "timestamp": 1732039744193,
            "isBuyerMaker": true,
            "isBestMatch": true
        },
        {
            "agg_trade_id": 281720442,
            "price": "0.00002540",
            "quantity": "36788067.00",
            "first_trade_id": 964422470,
            "last_trade_id": 964422658,
            "timestamp": 1732039744716,
            "isBuyerMaker": false,
            "isBestMatch": true
        },
        {
            "agg_trade_id": 281720443,
            "price": "0.00002540",
            "quantity": "19669000.00",
            "first_trade_id": 964422659,
            "last_trade_id": 964422662,
            "timestamp": 1732039745581,
            "isBuyerMaker": false,
            "isBestMatch": true
        },
        {
            "agg_trade_id": 281720444,
            "price": "0.00002540",
            "quantity": "39266097.00",
            "first_trade_id": 964422663,
            "last_trade_id": 964422663,
            "timestamp": 1732039746246,
            "isBuyerMaker": false,
            "isBestMatch": true
        },
        {
            "agg_trade_id": 281720445,
            "price": "0.00002540",
            "quantity": "19665000.00",
            "first_trade_id": 964422664,
            "last_trade_id": 964422664,
            "timestamp": 1732039747272,
            "isBuyerMaker": false,
            "isBestMatch": true
        },
        {
            "agg_trade_id": 281720446,
            "price": "0.00002540",
            "quantity": "19058578.00",
            "first_trade_id": 964422665,
            "last_trade_id": 964422665,
            "timestamp": 1732039747645,
            "isBuyerMaker": false,
            "isBestMatch": true
        },
        {
            "agg_trade_id": 281720447,
            "price": "0.00002540",
            "quantity": "181353161.00",
            "first_trade_id": 964422666,
            "last_trade_id": 964422879,
            "timestamp": 1732039747646,
            "isBuyerMaker": false,
            "isBestMatch": true
        },
        {
            "agg_trade_id": 281720448,
            "price": "0.00002540",
            "quantity": "7017091.00",
            "first_trade_id": 964422880,
            "last_trade_id": 964422880,
            "timestamp": 1732039748544,
            "isBuyerMaker": true,
            "isBestMatch": true
        },
        {
            "agg_trade_id": 281720449,
            "price": "0.00002541",
            "quantity": "15857653.00",
            "first_trade_id": 964422881,
            "last_trade_id": 964422881,
            "timestamp": 1732039749168,
            "isBuyerMaker": false,
            "isBestMatch": true
        },
        {
            "agg_trade_id": 281720450,
            "price": "0.00002541",
            "quantity": "4765568.00",
            "first_trade_id": 964422882,
            "last_trade_id": 964422882,
            "timestamp": 1732039749501,
            "isBuyerMaker": false,
            "isBestMatch": true
        },
        {
            "agg_trade_id": 281720451,
            "price": "0.00002540",
            "quantity": "1149334.00",
            "first_trade_id": 964422883,
            "last_trade_id": 964422883,
            "timestamp": 1732039749805,
            "isBuyerMaker": true,
            "isBestMatch": true
        },
        {
            "agg_trade_id": 281720452,
            "price": "0.00002540",
            "quantity": "10227478.00",
            "first_trade_id": 964422884,
            "last_trade_id": 964422884,
            "timestamp": 1732039750042,
            "isBuyerMaker": true,
            "isBestMatch": true
        },
        {
            "agg_trade_id": 281720453,
            "price": "0.00002541",
            "quantity": "865821.00",
            "first_trade_id": 964422885,
            "last_trade_id": 964422885,
            "timestamp": 1732039750098,
            "isBuyerMaker": false,
            "isBestMatch": true
        },
        {
            "agg_trade_id": 281720454,
            "price": "0.00002541",
            "quantity": "211748.00",
            "first_trade_id": 964422886,
            "last_trade_id": 964422886,
            "timestamp": 1732039750204,
            "isBuyerMaker": false,
            "isBestMatch": true
        },
        {
            "agg_trade_id": 281720455,
            "price": "0.00002541",
            "quantity": "11142520.00",
            "first_trade_id": 964422887,
            "last_trade_id": 964422887,
            "timestamp": 1732039753052,
            "isBuyerMaker": false,
            "isBestMatch": true
        },
        {
            "agg_trade_id": 281720456,
            "price": "0.00002541",
            "quantity": "196772.00",
            "first_trade_id": 964422888,
            "last_trade_id": 964422888,
            "timestamp": 1732039753125,
            "isBuyerMaker": false,
            "isBestMatch": true
        },
        {
            "agg_trade_id": 281720457,
            "price": "0.00002541",
            "quantity": "2006263.00",
            "first_trade_id": 964422889,
            "last_trade_id": 964422889,
            "timestamp": 1732039754979,
            "isBuyerMaker": false,
            "isBestMatch": true
        },
        {
            "agg_trade_id": 281720458,
            "price": "0.00002541",
            "quantity": "2038010.00",
            "first_trade_id": 964422890,
            "last_trade_id": 964422890,
            "timestamp": 1732039756012,
            "isBuyerMaker": false,
            "isBestMatch": true
        },
        {
            "agg_trade_id": 281720459,
            "price": "0.00002541",
            "quantity": "193100000.00",
            "first_trade_id": 964422891,
            "last_trade_id": 964423033,
            "timestamp": 1732039756012,
            "isBuyerMaker": false,
            "isBestMatch": true
        },
        {
            "agg_trade_id": 281720460,
            "price": "0.00002541",
            "quantity": "3933967.00",
            "first_trade_id": 964423034,
            "last_trade_id": 964423034,
            "timestamp": 1732039756012,
            "isBuyerMaker": false,
            "isBestMatch": true
        },
        {
            "agg_trade_id": 281720461,
            "price": "0.00002541",
            "quantity": "2941971.00",
            "first_trade_id": 964423035,
            "last_trade_id": 964423035,
            "timestamp": 1732039756012,
            "isBuyerMaker": false,
            "isBestMatch": true
        },
        {
            "agg_trade_id": 281720462,
            "price": "0.00002541",
            "quantity": "5120919.00",
            "first_trade_id": 964423036,
            "last_trade_id": 964423036,
            "timestamp": 1732039756013,
            "isBuyerMaker": false,
            "isBestMatch": true
        },
        {
            "agg_trade_id": 281720463,
            "price": "0.00002541",
            "quantity": "67051049.00",
            "first_trade_id": 964423037,
            "last_trade_id": 964423118,
            "timestamp": 1732039756013,
            "isBuyerMaker": false,
            "isBestMatch": true
        },
        {
            "agg_trade_id": 281720464,
            "price": "0.00002542",
            "quantity": "118017.00",
            "first_trade_id": 964423119,
            "last_trade_id": 964423119,
            "timestamp": 1732039756231,
            "isBuyerMaker": false,
            "isBestMatch": true
        },
        {
            "agg_trade_id": 281720465,
            "price": "0.00002542",
            "quantity": "30851383.00",
            "first_trade_id": 964423120,
            "last_trade_id": 964423120,
            "timestamp": 1732039756311,
            "isBuyerMaker": false,
            "isBestMatch": true
        },
        {
            "agg_trade_id": 281720466,
            "price": "0.00002541",
            "quantity": "5862611.00",
            "first_trade_id": 964423121,
            "last_trade_id": 964423261,
            "timestamp": 1732039756578,
            "isBuyerMaker": true,
            "isBestMatch": true
        },
        {
            "agg_trade_id": 281720467,
            "price": "0.00002541",
            "quantity": "508993.00",
            "first_trade_id": 964423262,
            "last_trade_id": 964423269,
            "timestamp": 1732039756583,
            "isBuyerMaker": true,
            "isBestMatch": true
        },
        {
            "agg_trade_id": 281720468,
            "price": "0.00002541",
            "quantity": "580331.00",
            "first_trade_id": 964423270,
            "last_trade_id": 964423278,
            "timestamp": 1732039756588,
            "isBuyerMaker": true,
            "isBestMatch": true
        },
        {
            "agg_trade_id": 281720469,
            "price": "0.00002541",
            "quantity": "739993.00",
            "first_trade_id": 964423279,
            "last_trade_id": 964423289,
            "timestamp": 1732039756593,
            "isBuyerMaker": true,
            "isBestMatch": true
        },
        {
            "agg_trade_id": 281720470,
            "price": "0.00002541",
            "quantity": "698662.00",
            "first_trade_id": 964423290,
            "last_trade_id": 964423299,
            "timestamp": 1732039756598,
            "isBuyerMaker": true,
            "isBestMatch": true
        },
        {
            "agg_trade_id": 281720471,
            "price": "0.00002541",
            "quantity": "657331.00",
            "first_trade_id": 964423300,
            "last_trade_id": 964423309,
            "timestamp": 1732039756603,
            "isBuyerMaker": true,
            "isBestMatch": true
        },
        {
            "agg_trade_id": 281720472,
            "price": "0.00002541",
            "quantity": "431993.00",
            "first_trade_id": 964423310,
            "last_trade_id": 964423316,
            "timestamp": 1732039756607,
            "isBuyerMaker": true,
            "isBestMatch": true
        },
        {
            "agg_trade_id": 281720473,
            "price": "0.00002541",
            "quantity": "662993.00",
            "first_trade_id": 964423317,
            "last_trade_id": 964423326,
            "timestamp": 1732039756612,
            "isBuyerMaker": true,
            "isBestMatch": true
        },
        {
            "agg_trade_id": 281720474,
            "price": "0.00002541",
            "quantity": "662993.00",
            "first_trade_id": 964423327,
            "last_trade_id": 964423337,
            "timestamp": 1732039756616,
            "isBuyerMaker": true,
            "isBestMatch": true
        },
        {
            "agg_trade_id": 281720475,
            "price": "0.00002541",
            "quantity": "508993.00",
            "first_trade_id": 964423338,
            "last_trade_id": 964423345,
            "timestamp": 1732039756621,
            "isBuyerMaker": true,
            "isBestMatch": true
        },
        {
            "agg_trade_id": 281720476,
            "price": "0.00002541",
            "quantity": "439673.00",
            "first_trade_id": 964423346,
            "last_trade_id": 964423352,
            "timestamp": 1732039756626,
            "isBuyerMaker": true,
            "isBestMatch": true
        },
        {
            "agg_trade_id": 281720477,
            "price": "0.00002541",
            "quantity": "613982.00",
            "first_trade_id": 964423353,
            "last_trade_id": 964423362,
            "timestamp": 1732039756635,
            "isBuyerMaker": true,
            "isBestMatch": true
        },
        {
            "agg_trade_id": 281720478,
            "price": "0.00002541",
            "quantity": "220902.00",
            "first_trade_id": 964423363,
            "last_trade_id": 964423366,
            "timestamp": 1732039756637,
            "isBuyerMaker": true,
            "isBestMatch": true
        },
        {
            "agg_trade_id": 281720479,
            "price": "0.00002541",
            "quantity": "246558.00",
            "first_trade_id": 964423367,
            "last_trade_id": 964423371,
            "timestamp": 1732039756638,
            "isBuyerMaker": true,
            "isBestMatch": true
        },
        {
            "agg_trade_id": 281720480,
            "price": "0.00002541",
            "quantity": "246558.00",
            "first_trade_id": 964423372,
            "last_trade_id": 964423376,
            "timestamp": 1732039756639,
            "isBuyerMaker": true,
            "isBestMatch": true
        },
        {
            "agg_trade_id": 281720481,
            "price": "0.00002541",
            "quantity": "503331.00",
            "first_trade_id": 964423377,
            "last_trade_id": 964423384,
            "timestamp": 1732039756640,
            "isBuyerMaker": true,
            "isBestMatch": true
        },
        {
            "agg_trade_id": 281720482,
            "price": "0.00002541",
            "quantity": "6398930.00",
            "first_trade_id": 964423385,
            "last_trade_id": 964423481,
            "timestamp": 1732039756642,
            "isBuyerMaker": true,
            "isBestMatch": true
        },
        {
            "agg_trade_id": 281720483,
            "price": "0.00002540",
            "quantity": "786986.00",
            "first_trade_id": 964423482,
            "last_trade_id": 964423482,
            "timestamp": 1732039756645,
            "isBuyerMaker": true,
            "isBestMatch": true
        },
        {
            "agg_trade_id": 281720484,
            "price": "0.00002540",
            "quantity": "220902.00",
            "first_trade_id": 964423483,
            "last_trade_id": 964423483,
            "timestamp": 1732039756648,
            "isBuyerMaker": true,
            "isBestMatch": true
        },
        {
            "agg_trade_id": 281720485,
            "price": "0.00002540",
            "quantity": "224675.00",
            "first_trade_id": 964423484,
            "last_trade_id": 964423484,
            "timestamp": 1732039756654,
            "isBuyerMaker": true,
            "isBestMatch": true
        },
        {
            "agg_trade_id": 281720486,
            "price": "0.00002540",
            "quantity": "220902.00",
            "first_trade_id": 964423485,
            "last_trade_id": 964423485,
            "timestamp": 1732039756656,
            "isBuyerMaker": true,
            "isBestMatch": true
        },
        {
            "agg_trade_id": 281720487,
            "price": "0.00002540",
            "quantity": "219655.00",
            "first_trade_id": 964423486,
            "last_trade_id": 964423486,
            "timestamp": 1732039756660,
            "isBuyerMaker": true,
            "isBestMatch": true
        },
        {
            "agg_trade_id": 281720488,
            "price": "0.00002540",
            "quantity": "220902.00",
            "first_trade_id": 964423487,
            "last_trade_id": 964423487,
            "timestamp": 1732039756662,
            "isBuyerMaker": true,
            "isBestMatch": true
        },
        {
            "agg_trade_id": 281720489,
            "price": "0.00002540",
            "quantity": "216372.00",
            "first_trade_id": 964423488,
            "last_trade_id": 964423488,
            "timestamp": 1732039756664,
            "isBuyerMaker": true,
            "isBestMatch": true
        },
        {
            "agg_trade_id": 281720490,
            "price": "0.00002540",
            "quantity": "230228.00",
            "first_trade_id": 964423489,
            "last_trade_id": 964423489,
            "timestamp": 1732039756673,
            "isBuyerMaker": true,
            "isBestMatch": true
        },
        {
            "agg_trade_id": 281720491,
            "price": "0.00002540",
            "quantity": "216457.00",
            "first_trade_id": 964423490,
            "last_trade_id": 964423490,
            "timestamp": 1732039756675,
            "isBuyerMaker": true,
            "isBestMatch": true
        },
        {
            "agg_trade_id": 281720492,
            "price": "0.00002540",
            "quantity": "216457.00",
            "first_trade_id": 964423491,
            "last_trade_id": 964423491,
            "timestamp": 1732039756678,
            "isBuyerMaker": true,
            "isBestMatch": true
        },
        {
            "agg_trade_id": 281720493,
            "price": "0.00002540",
            "quantity": "216457.00",
            "first_trade_id": 964423492,
            "last_trade_id": 964423492,
            "timestamp": 1732039756681,
            "isBuyerMaker": true,
            "isBestMatch": true
        },
        {
            "agg_trade_id": 281720494,
            "price": "0.00002540",
            "quantity": "216457.00",
            "first_trade_id": 964423493,
            "last_trade_id": 964423493,
            "timestamp": 1732039756681,
            "isBuyerMaker": true,
            "isBestMatch": true
        },
        {
            "agg_trade_id": 281720495,
            "price": "0.00002540",
            "quantity": "282643.00",
            "first_trade_id": 964423494,
            "last_trade_id": 964423494,
            "timestamp": 1732039756683,
            "isBuyerMaker": true,
            "isBestMatch": true
        },
        {
            "agg_trade_id": 281720496,
            "price": "0.00002541",
            "quantity": "4547868.00",
            "first_trade_id": 964423495,
            "last_trade_id": 964423496,
            "timestamp": 1732039757876,
            "isBuyerMaker": false,
            "isBestMatch": true
        },
        {
            "agg_trade_id": 281720497,
            "price": "0.00002540",
            "quantity": "350000.00",
            "first_trade_id": 964423497,
            "last_trade_id": 964423497,
            "timestamp": 1732039759481,
            "isBuyerMaker": true,
            "isBestMatch": true
        },
        {
            "agg_trade_id": 281720498,
            "price": "0.00002541",
            "quantity": "12597929.00",
            "first_trade_id": 964423498,
            "last_trade_id": 964423724,
            "timestamp": 1732039759942,
            "isBuyerMaker": false,
            "isBestMatch": true
        },
        {
            "agg_trade_id": 281720499,
            "price": "0.00002542",
            "quantity": "127172.00",
            "first_trade_id": 964423725,
            "last_trade_id": 964423725,
            "timestamp": 1732039760236,
            "isBuyerMaker": false,
            "isBestMatch": true
        },
        {
            "agg_trade_id": 281720500,
            "price": "0.00002542",
            "quantity": "1377255.00",
            "first_trade_id": 964423726,
            "last_trade_id": 964423726,
            "timestamp": 1732039760978,
            "isBuyerMaker": false,
            "isBestMatch": true
        },
        {
            "agg_trade_id": 281720501,
            "price": "0.00002541",
            "quantity": "158290794.00",
            "first_trade_id": 964423727,
            "last_trade_id": 964423730,
            "timestamp": 1732039763312,
            "isBuyerMaker": true,
            "isBestMatch": true
        },
        {
            "agg_trade_id": 281720502,
            "price": "0.00002542",
            "quantity": "20128272.00",
            "first_trade_id": 964423731,
            "last_trade_id": 964423983,
            "timestamp": 1732039763942,
            "isBuyerMaker": false,
            "isBestMatch": true
        },
        {
            "agg_trade_id": 281720503,
            "price": "0.00002543",
            "quantity": "468342.00",
            "first_trade_id": 964423984,
            "last_trade_id": 964423984,
            "timestamp": 1732039764220,
            "isBuyerMaker": false,
            "isBestMatch": true
        },
        {
            "agg_trade_id": 281720504,
            "price": "0.00002543",
            "quantity": "18800000.00",
            "first_trade_id": 964423985,
            "last_trade_id": 964424179,
            "timestamp": 1732039768129,
            "isBuyerMaker": false,
            "isBestMatch": true
        },
        {
            "agg_trade_id": 281720505,
            "price": "0.00002543",
            "quantity": "1679378.00",
            "first_trade_id": 964424180,
            "last_trade_id": 964424204,
            "timestamp": 1732039768129,
            "isBuyerMaker": false,
            "isBestMatch": true
        },
        {
            "agg_trade_id": 281720506,
            "price": "0.00002543",
            "quantity": "3195733.00",
            "first_trade_id": 964424205,
            "last_trade_id": 964424252,
            "timestamp": 1732039768129,
            "isBuyerMaker": false,
            "isBestMatch": true
        },
        {
            "agg_trade_id": 281720507,
            "price": "0.00002544",
            "quantity": "698580.00",
            "first_trade_id": 964424253,
            "last_trade_id": 964424253,
            "timestamp": 1732039768133,
            "isBuyerMaker": false,
            "isBestMatch": true
        },
        {
            "agg_trade_id": 281720508,
            "price": "0.00002544",
            "quantity": "196656000.00",
            "first_trade_id": 964424254,
            "last_trade_id": 964424258,
            "timestamp": 1732039768136,
            "isBuyerMaker": false,
            "isBestMatch": true
        },
        {
            "agg_trade_id": 281720509,
            "price": "0.00002543",
            "quantity": "118180027.00",
            "first_trade_id": 964424259,
            "last_trade_id": 964424261,
            "timestamp": 1732039768146,
            "isBuyerMaker": true,
            "isBestMatch": true
        },
        {
            "agg_trade_id": 281720510,
            "price": "0.00002543",
            "quantity": "4740900.00",
            "first_trade_id": 964424262,
            "last_trade_id": 964424264,
            "timestamp": 1732039768185,
            "isBuyerMaker": true,
            "isBestMatch": true
        },
        {
            "agg_trade_id": 281720511,
            "price": "0.00002543",
            "quantity": "118180027.00",
            "first_trade_id": 964424265,
            "last_trade_id": 964424265,
            "timestamp": 1732039768214,
            "isBuyerMaker": true,
            "isBestMatch": true
        },
        {
            "agg_trade_id": 281720512,
            "price": "0.00002543",
            "quantity": "1764705.00",
            "first_trade_id": 964424266,
            "last_trade_id": 964424267,
            "timestamp": 1732039768222,
            "isBuyerMaker": true,
            "isBestMatch": true
        },
        {
            "agg_trade_id": 281720513,
            "price": "0.00002543",
            "quantity": "590065.00",
            "first_trade_id": 964424268,
            "last_trade_id": 964424268,
            "timestamp": 1732039768226,
            "isBuyerMaker": true,
            "isBestMatch": true
        },
        {
            "agg_trade_id": 281720514,
            "price": "0.00002543",
            "quantity": "1058823.00",
            "first_trade_id": 964424269,
            "last_trade_id": 964424269,
            "timestamp": 1732039768228,
            "isBuyerMaker": true,
            "isBestMatch": true
        },
        {
            "agg_trade_id": 281720515,
            "price": "0.00002543",
            "quantity": "511390.00",
            "first_trade_id": 964424270,
            "last_trade_id": 964424270,
            "timestamp": 1732039768228,
            "isBuyerMaker": true,
            "isBestMatch": true
        },
        {
            "agg_trade_id": 281720516,
            "price": "0.00002543",
            "quantity": "2000000.00",
            "first_trade_id": 964424271,
            "last_trade_id": 964424271,
            "timestamp": 1732039768229,
            "isBuyerMaker": true,
            "isBestMatch": true
        },
        {
            "agg_trade_id": 281720517,
            "price": "0.00002543",
            "quantity": "112795176.00",
            "first_trade_id": 964424272,
            "last_trade_id": 964424272,
            "timestamp": 1732039768230,
            "isBuyerMaker": true,
            "isBestMatch": true
        },
        {
            "agg_trade_id": 281720518,
            "price": "0.00002543",
            "quantity": "472052.00",
            "first_trade_id": 964424273,
            "last_trade_id": 964424273,
            "timestamp": 1732039768231,
            "isBuyerMaker": true,
            "isBestMatch": true
        },
        {
            "agg_trade_id": 281720519,
            "price": "0.00002543",
            "quantity": "2274509.00",
            "first_trade_id": 964424274,
            "last_trade_id": 964424274,
            "timestamp": 1732039768234,
            "isBuyerMaker": true,
            "isBestMatch": true
        },
        {
            "agg_trade_id": 281720520,
            "price": "0.00002543",
            "quantity": "3490196.00",
            "first_trade_id": 964424275,
            "last_trade_id": 964424279,
            "timestamp": 1732039768235,
            "isBuyerMaker": true,
            "isBestMatch": true
        },
        {
            "agg_trade_id": 281720521,
            "price": "0.00002543",
            "quantity": "862745.00",
            "first_trade_id": 964424280,
            "last_trade_id": 964424280,
            "timestamp": 1732039768235,
            "isBuyerMaker": true,
            "isBestMatch": true
        },
        {
            "agg_trade_id": 281720522,
            "price": "0.00002543",
            "quantity": "118180027.00",
            "first_trade_id": 964424281,
            "last_trade_id": 964424281,
            "timestamp": 1732039768238,
            "isBuyerMaker": true,
            "isBestMatch": true
        },
        {
            "agg_trade_id": 281720523,
            "price": "0.00002543",
            "quantity": "745098.00",
            "first_trade_id": 964424282,
            "last_trade_id": 964424282,
            "timestamp": 1732039768241,
            "isBuyerMaker": true,
            "isBestMatch": true
        },
        {
            "agg_trade_id": 281720524,
            "price": "0.00002543",
            "quantity": "1058823.00",
            "first_trade_id": 964424283,
            "last_trade_id": 964424283,
            "timestamp": 1732039768243,
            "isBuyerMaker": true,
            "isBestMatch": true
        },
        {
            "agg_trade_id": 281720525,
            "price": "0.00002543",
            "quantity": "57099709.00",
            "first_trade_id": 964424284,
            "last_trade_id": 964424284,
            "timestamp": 1732039768244,
            "isBuyerMaker": true,
            "isBestMatch": true
        },
        {
            "agg_trade_id": 281720526,
            "price": "0.00002543",
            "quantity": "1215686.00",
            "first_trade_id": 964424285,
            "last_trade_id": 964424285,
            "timestamp": 1732039768244,
            "isBuyerMaker": true,
            "isBestMatch": true
        },
        {
            "agg_trade_id": 281720527,
            "price": "0.00002543",
            "quantity": "590065.00",
            "first_trade_id": 964424286,
            "last_trade_id": 964424286,
            "timestamp": 1732039768244,
            "isBuyerMaker": true,
            "isBestMatch": true
        },
        {
            "agg_trade_id": 281720528,
            "price": "0.00002543",
            "quantity": "1529411.00",
            "first_trade_id": 964424287,
            "last_trade_id": 964424287,
            "timestamp": 1732039768244,
            "isBuyerMaker": true,
            "isBestMatch": true
        },
        {
            "agg_trade_id": 281720529,
            "price": "0.00002543",
            "quantity": "472052.00",
            "first_trade_id": 964424288,
            "last_trade_id": 964424288,
            "timestamp": 1732039768245,
            "isBuyerMaker": true,
            "isBestMatch": true
        },
        {
            "agg_trade_id": 281720530,
            "price": "0.00002543",
            "quantity": "590065.00",
            "first_trade_id": 964424289,
            "last_trade_id": 964424289,
            "timestamp": 1732039768246,
            "isBuyerMaker": true,
            "isBestMatch": true
        },
        {
            "agg_trade_id": 281720531,
            "price": "0.00002543",
            "quantity": "590065.00",
            "first_trade_id": 964424290,
            "last_trade_id": 964424290,
            "timestamp": 1732039768247,
            "isBuyerMaker": true,
            "isBestMatch": true
        },
        {
            "agg_trade_id": 281720532,
            "price": "0.00002543",
            "quantity": "472052.00",
            "first_trade_id": 964424291,
            "last_trade_id": 964424291,
            "timestamp": 1732039768248,
            "isBuyerMaker": true,
            "isBestMatch": true
        },
        {
            "agg_trade_id": 281720533,
            "price": "0.00002543",
            "quantity": "590065.00",
            "first_trade_id": 964424292,
            "last_trade_id": 964424292,
            "timestamp": 1732039768248,
            "isBuyerMaker": true,
            "isBestMatch": true
        },
        {
            "agg_trade_id": 281720534,
            "price": "0.00002543",
            "quantity": "118180027.00",
            "first_trade_id": 964424293,
            "last_trade_id": 964424383,
            "timestamp": 1732039768248,
            "isBuyerMaker": true,
            "isBestMatch": true
        },
        {
            "agg_trade_id": 281720535,
            "price": "0.00002543",
            "quantity": "118180027.00",
            "first_trade_id": 964424384,
            "last_trade_id": 964424384,
            "timestamp": 1732039768254,
            "isBuyerMaker": true,
            "isBestMatch": true
        },
        {
            "agg_trade_id": 281720536,
            "price": "0.00002543",
            "quantity": "745098.00",
            "first_trade_id": 964424385,
            "last_trade_id": 964424385,
            "timestamp": 1732039768254,
            "isBuyerMaker": true,
            "isBestMatch": true
        },
        {
            "agg_trade_id": 281720537,
            "price": "0.00002543",
            "quantity": "511390.00",
            "first_trade_id": 964424386,
            "last_trade_id": 964424386,
            "timestamp": 1732039768255,
            "isBuyerMaker": true,
            "isBestMatch": true
        },
        {
            "agg_trade_id": 281720538,
            "price": "0.00002543",
            "quantity": "590065.00",
            "first_trade_id": 964424387,
            "last_trade_id": 964424387,
            "timestamp": 1732039768256,
            "isBuyerMaker": true,
            "isBestMatch": true
        },
        {
            "agg_trade_id": 281720539,
            "price": "0.00002543",
            "quantity": "590065.00",
            "first_trade_id": 964424388,
            "last_trade_id": 964424388,
            "timestamp": 1732039768257,
            "isBuyerMaker": true,
            "isBestMatch": true
        },
        {
            "agg_trade_id": 281720540,
            "price": "0.00002543",
            "quantity": "627450.00",
            "first_trade_id": 964424389,
            "last_trade_id": 964424389,
            "timestamp": 1732039768258,
            "isBuyerMaker": true,
            "isBestMatch": true
        },
        {
            "agg_trade_id": 281720541,
            "price": "0.00002543",
            "quantity": "511390.00",
            "first_trade_id": 964424390,
            "last_trade_id": 964424390,
            "timestamp": 1732039768258,
            "isBuyerMaker": true,
            "isBestMatch": true
        },
        {
            "agg_trade_id": 281720542,
            "price": "0.00002543",
            "quantity": "3372549.00",
            "first_trade_id": 964424391,
            "last_trade_id": 964424391,
            "timestamp": 1732039768259,
            "isBuyerMaker": true,
            "isBestMatch": true
        },
        {
            "agg_trade_id": 281720543,
            "price": "0.00002543",
            "quantity": "118180027.00",
            "first_trade_id": 964424392,
            "last_trade_id": 964424392,
            "timestamp": 1732039768259,
            "isBuyerMaker": true,
            "isBestMatch": true
        },
        {
            "agg_trade_id": 281720544,
            "price": "0.00002543",
            "quantity": "590065.00",
            "first_trade_id": 964424393,
            "last_trade_id": 964424393,
            "timestamp": 1732039768259,
            "isBuyerMaker": true,
            "isBestMatch": true
        },
        {
            "agg_trade_id": 281720545,
            "price": "0.00002543",
            "quantity": "1019607.00",
            "first_trade_id": 964424394,
            "last_trade_id": 964424394,
            "timestamp": 1732039768261,
            "isBuyerMaker": true,
            "isBestMatch": true
        },
        {
            "agg_trade_id": 281720546,
            "price": "0.00002543",
            "quantity": "118180027.00",
            "first_trade_id": 964424395,
            "last_trade_id": 964424395,
            "timestamp": 1732039768263,
            "isBuyerMaker": true,
            "isBestMatch": true
        },
        {
            "agg_trade_id": 281720547,
            "price": "0.00002543",
            "quantity": "511390.00",
            "first_trade_id": 964424396,
            "last_trade_id": 964424396,
            "timestamp": 1732039768265,
            "isBuyerMaker": true,
            "isBestMatch": true
        },
        {
            "agg_trade_id": 281720548,
            "price": "0.00002543",
            "quantity": "590065.00",
            "first_trade_id": 964424397,
            "last_trade_id": 964424397,
            "timestamp": 1732039768266,
            "isBuyerMaker": true,
            "isBestMatch": true
        },
        {
            "agg_trade_id": 281720549,
            "price": "0.00002543",
            "quantity": "1019607.00",
            "first_trade_id": 964424398,
            "last_trade_id": 964424398,
            "timestamp": 1732039768267,
            "isBuyerMaker": true,
            "isBestMatch": true
        },
        {
            "agg_trade_id": 281720550,
            "price": "0.00002543",
            "quantity": "118180027.00",
            "first_trade_id": 964424399,
            "last_trade_id": 964424404,
            "timestamp": 1732039768267,
            "isBuyerMaker": true,
            "isBestMatch": true
        },
        {
            "agg_trade_id": 281720551,
            "price": "0.00002543",
            "quantity": "472052.00",
            "first_trade_id": 964424405,
            "last_trade_id": 964424405,
            "timestamp": 1732039768267,
            "isBuyerMaker": true,
            "isBestMatch": true
        },
        {
            "agg_trade_id": 281720552,
            "price": "0.00002543",
            "quantity": "509803.00",
            "first_trade_id": 964424406,
            "last_trade_id": 964424406,
            "timestamp": 1732039768269,
            "isBuyerMaker": true,
            "isBestMatch": true
        },
        {
            "agg_trade_id": 281720553,
            "price": "0.00002543",
            "quantity": "511390.00",
            "first_trade_id": 964424407,
            "last_trade_id": 964424407,
            "timestamp": 1732039768271,
            "isBuyerMaker": true,
            "isBestMatch": true
        },
        {
            "agg_trade_id": 281720554,
            "price": "0.00002543",
            "quantity": "118180027.00",
            "first_trade_id": 964424408,
            "last_trade_id": 964424411,
            "timestamp": 1732039768272,
            "isBuyerMaker": true,
            "isBestMatch": true
        },
        {
            "agg_trade_id": 281720555,
            "price": "0.00002543",
            "quantity": "472052.00",
            "first_trade_id": 964424412,
            "last_trade_id": 964424412,
            "timestamp": 1732039768272,
            "isBuyerMaker": true,
            "isBestMatch": true
        },
        {
            "agg_trade_id": 281720556,
            "price": "0.00002543",
            "quantity": "705882.00",
            "first_trade_id": 964424413,
            "last_trade_id": 964424413,
            "timestamp": 1732039768273,
            "isBuyerMaker": true,
            "isBestMatch": true
        },
        {
            "agg_trade_id": 281720557,
            "price": "0.00002543",
            "quantity": "590065.00",
            "first_trade_id": 964424414,
            "last_trade_id": 964424414,
            "timestamp": 1732039768276,
            "isBuyerMaker": true,
            "isBestMatch": true
        },
        {
            "agg_trade_id": 281720558,
            "price": "0.00002543",
            "quantity": "97572048.00",
            "first_trade_id": 964424415,
            "last_trade_id": 964424415,
            "timestamp": 1732039768276,
            "isBuyerMaker": true,
            "isBestMatch": true
        },
        {
            "agg_trade_id": 281720559,
            "price": "0.00002543",
            "quantity": "590065.00",
            "first_trade_id": 964424416,
            "last_trade_id": 964424416,
            "timestamp": 1732039768277,
            "isBuyerMaker": true,
            "isBestMatch": true
        },
        {
            "agg_trade_id": 281720560,
            "price": "0.00002543",
            "quantity": "472052.00",
            "first_trade_id": 964424417,
            "last_trade_id": 964424417,
            "timestamp": 1732039768278,
            "isBuyerMaker": true,
            "isBestMatch": true
        },
        {
            "agg_trade_id": 281720561,
            "price": "0.00002543",
            "quantity": "590065.00",
            "first_trade_id": 964424418,
            "last_trade_id": 964424418,
            "timestamp": 1732039768280,
            "isBuyerMaker": true,
            "isBestMatch": true
        },
        {
            "agg_trade_id": 281720562,
            "price": "0.00002543",
            "quantity": "1019607.00",
            "first_trade_id": 964424419,
            "last_trade_id": 964424419,
            "timestamp": 1732039768280,
            "isBuyerMaker": true,
            "isBestMatch": true
        },
        {
            "agg_trade_id": 281720563,
            "price": "0.00002543",
            "quantity": "118180027.00",
            "first_trade_id": 964424420,
            "last_trade_id": 964424421,
            "timestamp": 1732039768281,
            "isBuyerMaker": true,
            "isBestMatch": true
        },
        {
            "agg_trade_id": 281720564,
            "price": "0.00002543",
            "quantity": "590065.00",
            "first_trade_id": 964424422,
            "last_trade_id": 964424422,
            "timestamp": 1732039768281,
            "isBuyerMaker": true,
            "isBestMatch": true
        },
        {
            "agg_trade_id": 281720565,
            "price": "0.00002543",
            "quantity": "472052.00",
            "first_trade_id": 964424423,
            "last_trade_id": 964424423,
            "timestamp": 1732039768281,
            "isBuyerMaker": true,
            "isBestMatch": true
        },
        {
            "agg_trade_id": 281720566,
            "price": "0.00002543",
            "quantity": "745098.00",
            "first_trade_id": 964424424,
            "last_trade_id": 964424424,
            "timestamp": 1732039768282,
            "isBuyerMaker": true,
            "isBestMatch": true
        },
        {
            "agg_trade_id": 281720567,
            "price": "0.00002543",
            "quantity": "590065.00",
            "first_trade_id": 964424425,
            "last_trade_id": 964424425,
            "timestamp": 1732039768283,
            "isBuyerMaker": true,
            "isBestMatch": true
        },
        {
            "agg_trade_id": 281720568,
            "price": "0.00002543",
            "quantity": "511390.00",
            "first_trade_id": 964424426,
            "last_trade_id": 964424426,
            "timestamp": 1732039768283,
            "isBuyerMaker": true,
            "isBestMatch": true
        },
        {
            "agg_trade_id": 281720569,
            "price": "0.00002543",
            "quantity": "118180027.00",
            "first_trade_id": 964424427,
            "last_trade_id": 964424428,
            "timestamp": 1732039768284,
            "isBuyerMaker": true,
            "isBestMatch": true
        },
        {
            "agg_trade_id": 281720570,
            "price": "0.00002543",
            "quantity": "862745.00",
            "first_trade_id": 964424429,
            "last_trade_id": 964424429,
            "timestamp": 1732039768285,
            "isBuyerMaker": true,
            "isBestMatch": true
        },
        {
            "agg_trade_id": 281720571,
            "price": "0.00002543",
            "quantity": "590065.00",
            "first_trade_id": 964424430,
            "last_trade_id": 964424430,
            "timestamp": 1732039768286,
            "isBuyerMaker": true,
            "isBestMatch": true
        },
        {
            "agg_trade_id": 281720572,
            "price": "0.00002543",
            "quantity": "590065.00",
            "first_trade_id": 964424431,
            "last_trade_id": 964424431,
            "timestamp": 1732039768288,
            "isBuyerMaker": true,
            "isBestMatch": true
        },
        {
            "agg_trade_id": 281720573,
            "price": "0.00002543",
            "quantity": "511390.00",
            "first_trade_id": 964424432,
            "last_trade_id": 964424432,
            "timestamp": 1732039768288,
            "isBuyerMaker": true,
            "isBestMatch": true
        },
        {
            "agg_trade_id": 281720574,
            "price": "0.00002543",
            "quantity": "118180027.00",
            "first_trade_id": 964424433,
            "last_trade_id": 964424435,
            "timestamp": 1732039768288,
            "isBuyerMaker": true,
            "isBestMatch": true
        },
        {
            "agg_trade_id": 281720575,
            "price": "0.00002543",
            "quantity": "2039215.00",
            "first_trade_id": 964424436,
            "last_trade_id": 964424436,
            "timestamp": 1732039768289,
            "isBuyerMaker": true,
            "isBestMatch": true
        },
        {
            "agg_trade_id": 281720576,
            "price": "0.00002543",
            "quantity": "2039215.00",
            "first_trade_id": 964424437,
            "last_trade_id": 964424437,
            "timestamp": 1732039768289,
            "isBuyerMaker": true,
            "isBestMatch": true
        },
        {
            "agg_trade_id": 281720577,
            "price": "0.00002543",
            "quantity": "1019607.00",
            "first_trade_id": 964424438,
            "last_trade_id": 964424438,
            "timestamp": 1732039768289,
            "isBuyerMaker": true,
            "isBestMatch": true
        },
        {
            "agg_trade_id": 281720578,
            "price": "0.00002543",
            "quantity": "1529411.00",
            "first_trade_id": 964424439,
            "last_trade_id": 964424439,
            "timestamp": 1732039768289,
            "isBuyerMaker": true,
            "isBestMatch": true
        },
        {
            "agg_trade_id": 281720579,
            "price": "0.00002543",
            "quantity": "590065.00",
            "first_trade_id": 964424440,
            "last_trade_id": 964424440,
            "timestamp": 1732039768289,
            "isBuyerMaker": true,
            "isBestMatch": true
        },
        {
            "agg_trade_id": 281720580,
            "price": "0.00002543",
            "quantity": "590065.00",
            "first_trade_id": 964424441,
            "last_trade_id": 964424455,
            "timestamp": 1732039768291,
            "isBuyerMaker": true,
            "isBestMatch": true
        },
        {
            "agg_trade_id": 281720581,
            "price": "0.00002543",
            "quantity": "118180027.00",
            "first_trade_id": 964424456,
            "last_trade_id": 964424499,
            "timestamp": 1732039768292,
            "isBuyerMaker": true,
            "isBestMatch": true
        },
        {
            "agg_trade_id": 281720582,
            "price": "0.00002543",
            "quantity": "511390.00",
            "first_trade_id": 964424500,
            "last_trade_id": 964424500,
            "timestamp": 1732039768293,
            "isBuyerMaker": true,
            "isBestMatch": true
        },
        {
            "agg_trade_id": 281720583,
            "price": "0.00002543",
            "quantity": "118180027.00",
            "first_trade_id": 964424501,
            "last_trade_id": 964424502,
            "timestamp": 1732039768296,
            "isBuyerMaker": true,
            "isBestMatch": true
        },
        {
            "agg_trade_id": 281720584,
            "price": "0.00002543",
            "quantity": "189163095.00",
            "first_trade_id": 964424503,
            "last_trade_id": 964424504,
            "timestamp": 1732039768297,
            "isBuyerMaker": true,
            "isBestMatch": true
        },
        {
            "agg_trade_id": 281720585,
            "price": "0.00002543",
            "quantity": "472052.00",
            "first_trade_id": 964424505,
            "last_trade_id": 964424509,
            "timestamp": 1732039768297,
            "isBuyerMaker": true,
            "isBestMatch": true
        },
        {
            "agg_trade_id": 281720586,
            "price": "0.00002543",
            "quantity": "1447722.00",
            "first_trade_id": 964424510,
            "last_trade_id": 964424532,
            "timestamp": 1732039768299,
            "isBuyerMaker": true,
            "isBestMatch": true
        },
        {
            "agg_trade_id": 281720587,
            "price": "0.00002542",
            "quantity": "698305.00",
            "first_trade_id": 964424533,
            "last_trade_id": 964424533,
            "timestamp": 1732039768299,
            "isBuyerMaker": true,
            "isBestMatch": true
        },
        {
            "agg_trade_id": 281720588,
            "price": "0.00002542",
            "quantity": "590065.00",
            "first_trade_id": 964424534,
            "last_trade_id": 964424534,
            "timestamp": 1732039768300,
            "isBuyerMaker": true,
            "isBestMatch": true
        },
        {
            "agg_trade_id": 281720589,
            "price": "0.00002542",
            "quantity": "118180027.00",
            "first_trade_id": 964424535,
            "last_trade_id": 964424536,
            "timestamp": 1732039768301,
            "isBuyerMaker": true,
            "isBestMatch": true
        },
        {
            "agg_trade_id": 281720590,
            "price": "0.00002542",
            "quantity": "472052.00",
            "first_trade_id": 964424537,
            "last_trade_id": 964424537,
            "timestamp": 1732039768301,
            "isBuyerMaker": true,
            "isBestMatch": true
        },
        {
            "agg_trade_id": 281720591,
            "price": "0.00002542",
            "quantity": "1490196.00",
            "first_trade_id": 964424538,
            "last_trade_id": 964424539,
            "timestamp": 1732039768302,
            "isBuyerMaker": true,
            "isBestMatch": true
        },
        {
            "agg_trade_id": 281720592,
            "price": "0.00002542",
            "quantity": "511390.00",
            "first_trade_id": 964424540,
            "last_trade_id": 964424540,
            "timestamp": 1732039768302,
            "isBuyerMaker": true,
            "isBestMatch": true
        },
        {
            "agg_trade_id": 281720593,
            "price": "0.00002542",
            "quantity": "1019607.00",
            "first_trade_id": 964424541,
            "last_trade_id": 964424541,
            "timestamp": 1732039768302,
            "isBuyerMaker": true,
            "isBestMatch": true
        },
        {
            "agg_trade_id": 281720594,
            "price": "0.00002542",
            "quantity": "3372549.00",
            "first_trade_id": 964424542,
            "last_trade_id": 964424542,
            "timestamp": 1732039768305,
            "isBuyerMaker": true,
            "isBestMatch": true
        },
        {
            "agg_trade_id": 281720595,
            "price": "0.00002542",
            "quantity": "511390.00",
            "first_trade_id": 964424543,
            "last_trade_id": 964424543,
            "timestamp": 1732039768306,
            "isBuyerMaker": true,
            "isBestMatch": true
        },
        {
            "agg_trade_id": 281720596,
            "price": "0.00002542",
            "quantity": "472052.00",
            "first_trade_id": 964424544,
            "last_trade_id": 964424544,
            "timestamp": 1732039768308,
            "isBuyerMaker": true,
            "isBestMatch": true
        },
        {
            "agg_trade_id": 281720597,
            "price": "0.00002542",
            "quantity": "590065.00",
            "first_trade_id": 964424545,
            "last_trade_id": 964424545,
            "timestamp": 1732039768309,
            "isBuyerMaker": true,
            "isBestMatch": true
        },
        {
            "agg_trade_id": 281720598,
            "price": "0.00002542",
            "quantity": "2000000.00",
            "first_trade_id": 964424546,
            "last_trade_id": 964424546,
            "timestamp": 1732039768310,
            "isBuyerMaker": true,
            "isBestMatch": true
        },
        {
            "agg_trade_id": 281720599,
            "price": "0.00002542",
            "quantity": "511390.00",
            "first_trade_id": 964424547,
            "last_trade_id": 964424547,
            "timestamp": 1732039768312,
            "isBuyerMaker": true,
            "isBestMatch": true
        },
        {
            "agg_trade_id": 281720600,
            "price": "0.00002542",
            "quantity": "472052.00",
            "first_trade_id": 964424548,
            "last_trade_id": 964424548,
            "timestamp": 1732039768312,
            "isBuyerMaker": true,
            "isBestMatch": true
        },
        {
            "agg_trade_id": 281720601,
            "price": "0.00002542",
            "quantity": "1019607.00",
            "first_trade_id": 964424549,
            "last_trade_id": 964424549,
            "timestamp": 1732039768313,
            "isBuyerMaker": true,
            "isBestMatch": true
        },
        {
            "agg_trade_id": 281720602,
            "price": "0.00002542",
            "quantity": "590065.00",
            "first_trade_id": 964424550,
            "last_trade_id": 964424550,
            "timestamp": 1732039768314,
            "isBuyerMaker": true,
            "isBestMatch": true
        },
        {
            "agg_trade_id": 281720603,
            "price": "0.00002542",
            "quantity": "590065.00",
            "first_trade_id": 964424551,
            "last_trade_id": 964424551,
            "timestamp": 1732039768314,
            "isBuyerMaker": true,
            "isBestMatch": true
        },
        {
            "agg_trade_id": 281720604,
            "price": "0.00002542",
            "quantity": "1019607.00",
            "first_trade_id": 964424552,
            "last_trade_id": 964424552,
            "timestamp": 1732039768315,
            "isBuyerMaker": true,
            "isBestMatch": true
        },
        {
            "agg_trade_id": 281720605,
            "price": "0.00002542",
            "quantity": "590065.00",
            "first_trade_id": 964424553,
            "last_trade_id": 964424553,
            "timestamp": 1732039768318,
            "isBuyerMaker": true,
            "isBestMatch": true
        },
        {
            "agg_trade_id": 281720606,
            "price": "0.00002542",
            "quantity": "590065.00",
            "first_trade_id": 964424554,
            "last_trade_id": 964424554,
            "timestamp": 1732039768318,
            "isBuyerMaker": true,
            "isBestMatch": true
        },
        {
            "agg_trade_id": 281720607,
            "price": "0.00002542",
            "quantity": "590065.00",
            "first_trade_id": 964424555,
            "last_trade_id": 964424555,
            "timestamp": 1732039768319,
            "isBuyerMaker": true,
            "isBestMatch": true
        },
        {
            "agg_trade_id": 281720608,
            "price": "0.00002542",
            "quantity": "590065.00",
            "first_trade_id": 964424556,
            "last_trade_id": 964424556,
            "timestamp": 1732039768319,
            "isBuyerMaker": true,
            "isBestMatch": true
        },
        {
            "agg_trade_id": 281720609,
            "price": "0.00002542",
            "quantity": "1019607.00",
            "first_trade_id": 964424557,
            "last_trade_id": 964424557,
            "timestamp": 1732039768320,
            "isBuyerMaker": true,
            "isBestMatch": true
        },
        {
            "agg_trade_id": 281720610,
            "price": "0.00002542",
            "quantity": "590065.00",
            "first_trade_id": 964424558,
            "last_trade_id": 964424558,
            "timestamp": 1732039768321,
            "isBuyerMaker": true,
            "isBestMatch": true
        },
        {
            "agg_trade_id": 281720611,
            "price": "0.00002542",
            "quantity": "590065.00",
            "first_trade_id": 964424559,
            "last_trade_id": 964424559,
            "timestamp": 1732039768322,
            "isBuyerMaker": true,
            "isBestMatch": true
        },
        {
            "agg_trade_id": 281720612,
            "price": "0.00002542",
            "quantity": "705882.00",
            "first_trade_id": 964424560,
            "last_trade_id": 964424560,
            "timestamp": 1732039768322,
            "isBuyerMaker": true,
            "isBestMatch": true
        },
        {
            "agg_trade_id": 281720613,
            "price": "0.00002542",
            "quantity": "590065.00",
            "first_trade_id": 964424561,
            "last_trade_id": 964424561,
            "timestamp": 1732039768322,
            "isBuyerMaker": true,
            "isBestMatch": true
        },
        {
            "agg_trade_id": 281720614,
            "price": "0.00002542",
            "quantity": "745098.00",
            "first_trade_id": 964424562,
            "last_trade_id": 964424562,
            "timestamp": 1732039768322,
            "isBuyerMaker": true,
            "isBestMatch": true
        },
        {
            "agg_trade_id": 281720615,
            "price": "0.00002542",
            "quantity": "472052.00",
            "first_trade_id": 964424563,
            "last_trade_id": 964424563,
            "timestamp": 1732039768325,
            "isBuyerMaker": true,
            "isBestMatch": true
        },
        {
            "agg_trade_id": 281720616,
            "price": "0.00002542",
            "quantity": "590065.00",
            "first_trade_id": 964424564,
            "last_trade_id": 964424564,
            "timestamp": 1732039768326,
            "isBuyerMaker": true,
            "isBestMatch": true
        },
        {
            "agg_trade_id": 281720617,
            "price": "0.00002542",
            "quantity": "627450.00",
            "first_trade_id": 964424565,
            "last_trade_id": 964424565,
            "timestamp": 1732039768327,
            "isBuyerMaker": true,
            "isBestMatch": true
        },
        {
            "agg_trade_id": 281720618,
            "price": "0.00002542",
            "quantity": "1019607.00",
            "first_trade_id": 964424566,
            "last_trade_id": 964424566,
            "timestamp": 1732039768328,
            "isBuyerMaker": true,
            "isBestMatch": true
        },
        {
            "agg_trade_id": 281720619,
            "price": "0.00002542",
            "quantity": "511390.00",
            "first_trade_id": 964424567,
            "last_trade_id": 964424567,
            "timestamp": 1732039768330,
            "isBuyerMaker": true,
            "isBestMatch": true
        },
        {
            "agg_trade_id": 281720620,
            "price": "0.00002542",
            "quantity": "1058823.00",
            "first_trade_id": 964424568,
            "last_trade_id": 964424568,
            "timestamp": 1732039768331,
            "isBuyerMaker": true,
            "isBestMatch": true
        },
        {
            "agg_trade_id": 281720621,
            "price": "0.00002542",
            "quantity": "511390.00",
            "first_trade_id": 964424569,
            "last_trade_id": 964424569,
            "timestamp": 1732039768331,
            "isBuyerMaker": true,
            "isBestMatch": true
        },
        {
            "agg_trade_id": 281720622,
            "price": "0.00002542",
            "quantity": "745098.00",
            "first_trade_id": 964424570,
            "last_trade_id": 964424570,
            "timestamp": 1732039768331,
            "isBuyerMaker": true,
            "isBestMatch": true
        },
        {
            "agg_trade_id": 281720623,
            "price": "0.00002542",
            "quantity": "1019607.00",
            "first_trade_id": 964424571,
            "last_trade_id": 964424571,
            "timestamp": 1732039768332,
            "isBuyerMaker": true,
            "isBestMatch": true
        },
        {
            "agg_trade_id": 281720624,
            "price": "0.00002542",
            "quantity": "862745.00",
            "first_trade_id": 964424572,
            "last_trade_id": 964424572,
            "timestamp": 1732039768333,
            "isBuyerMaker": true,
            "isBestMatch": true
        },
        {
            "agg_trade_id": 281720625,
            "price": "0.00002542",
            "quantity": "2274509.00",
            "first_trade_id": 964424573,
            "last_trade_id": 964424574,
            "timestamp": 1732039768333,
            "isBuyerMaker": true,
            "isBestMatch": true
        },
        {
            "agg_trade_id": 281720626,
            "price": "0.00002542",
            "quantity": "745098.00",
            "first_trade_id": 964424575,
            "last_trade_id": 964424575,
            "timestamp": 1732039768334,
            "isBuyerMaker": true,
            "isBestMatch": true
        },
        {
            "agg_trade_id": 281720627,
            "price": "0.00002542",
            "quantity": "2039215.00",
            "first_trade_id": 964424576,
            "last_trade_id": 964424576,
            "timestamp": 1732039768340,
            "isBuyerMaker": true,
            "isBestMatch": true
        },
        {
            "agg_trade_id": 281720628,
            "price": "0.00002542",
            "quantity": "511390.00",
            "first_trade_id": 964424577,
            "last_trade_id": 964424577,
            "timestamp": 1732039768349,
            "isBuyerMaker": true,
            "isBestMatch": true
        },
        {
            "agg_trade_id": 281720629,
            "price": "0.00002542",
            "quantity": "418254.00",
            "first_trade_id": 964424578,
            "last_trade_id": 964424578,
            "timestamp": 1732039770085,
            "isBuyerMaker": true,
            "isBestMatch": true
        },
        {
            "agg_trade_id": 281720630,
            "price": "0.00002543",
            "quantity": "1966181.00",
            "first_trade_id": 964424579,
            "last_trade_id": 964424579,
            "timestamp": 1732039770632,
            "isBuyerMaker": false,
            "isBestMatch": true
        },
        {
            "agg_trade_id": 281720631,
            "price": "0.00002543",
            "quantity": "11126529.00",
            "first_trade_id": 964424580,
            "last_trade_id": 964424580,
            "timestamp": 1732039771170,
            "isBuyerMaker": false,
            "isBestMatch": true
        },
        {
            "agg_trade_id": 281720632,
            "price": "0.00002543",
            "quantity": "1639658.00",
            "first_trade_id": 964424581,
            "last_trade_id": 964424581,
            "timestamp": 1732039771170,
            "isBuyerMaker": false,
            "isBestMatch": true
        },
        {
            "agg_trade_id": 281720633,
            "price": "0.00002543",
            "quantity": "13274315.00",
            "first_trade_id": 964424582,
            "last_trade_id": 964424846,
            "timestamp": 1732039771243,
            "isBuyerMaker": false,
            "isBestMatch": true
        },
        {
            "agg_trade_id": 281720634,
            "price": "0.00002543",
            "quantity": "118180027.00",
            "first_trade_id": 964424847,
            "last_trade_id": 964424851,
            "timestamp": 1732039771250,
            "isBuyerMaker": true,
            "isBestMatch": true
        },
        {
            "agg_trade_id": 281720635,
            "price": "0.00002543",
            "quantity": "118180027.00",
            "first_trade_id": 964424852,
            "last_trade_id": 964424854,
            "timestamp": 1732039771256,
            "isBuyerMaker": true,
            "isBestMatch": true
        },
        {
            "agg_trade_id": 281720636,
            "price": "0.00002543",
            "quantity": "118180027.00",
            "first_trade_id": 964424855,
            "last_trade_id": 964424855,
            "timestamp": 1732039771262,
            "isBuyerMaker": true,
            "isBestMatch": true
        },
        {
            "agg_trade_id": 281720637,
            "price": "0.00002543",
            "quantity": "118180027.00",
            "first_trade_id": 964424856,
            "last_trade_id": 964424856,
            "timestamp": 1732039771266,
            "isBuyerMaker": true,
            "isBestMatch": true
        },
        {
            "agg_trade_id": 281720638,
            "price": "0.00002543",
            "quantity": "49659870.00",
            "first_trade_id": 964424857,
            "last_trade_id": 964424857,
            "timestamp": 1732039771271,
            "isBuyerMaker": true,
            "isBestMatch": true
        },
        {
            "agg_trade_id": 281720639,
            "price": "0.00002543",
            "quantity": "118180027.00",
            "first_trade_id": 964424858,
            "last_trade_id": 964424861,
            "timestamp": 1732039771276,
            "isBuyerMaker": true,
            "isBestMatch": true
        },
        {
            "agg_trade_id": 281720640,
            "price": "0.00002543",
            "quantity": "118180027.00",
            "first_trade_id": 964424862,
            "last_trade_id": 964424862,
            "timestamp": 1732039771281,
            "isBuyerMaker": true,
            "isBestMatch": true
        },
        {
            "agg_trade_id": 281720641,
            "price": "0.00002543",
            "quantity": "118180027.00",
            "first_trade_id": 964424863,
            "last_trade_id": 964424866,
            "timestamp": 1732039771287,
            "isBuyerMaker": true,
            "isBestMatch": true
        },
        {
            "agg_trade_id": 281720642,
            "price": "0.00002543",
            "quantity": "2392156.00",
            "first_trade_id": 964424867,
            "last_trade_id": 964424867,
            "timestamp": 1732039771288,
            "isBuyerMaker": true,
            "isBestMatch": true
        },
        {
            "agg_trade_id": 281720643,
            "price": "0.00002543",
            "quantity": "23763259.00",
            "first_trade_id": 964424868,
            "last_trade_id": 964424904,
            "timestamp": 1732039771293,
            "isBuyerMaker": true,
            "isBestMatch": true
        },
        {
            "agg_trade_id": 281720644,
            "price": "0.00002543",
            "quantity": "2137526.00",
            "first_trade_id": 964424905,
            "last_trade_id": 964424935,
            "timestamp": 1732039771294,
            "isBuyerMaker": true,
            "isBestMatch": true
        },
        {
            "agg_trade_id": 281720645,
            "price": "0.00002542",
            "quantity": "97768.00",
            "first_trade_id": 964424936,
            "last_trade_id": 964424936,
            "timestamp": 1732039771294,
            "isBuyerMaker": true,
            "isBestMatch": true
        },
        {
            "agg_trade_id": 281720646,
            "price": "0.00002542",
            "quantity": "3490196.00",
            "first_trade_id": 964424937,
            "last_trade_id": 964424937,
            "timestamp": 1732039771297,
            "isBuyerMaker": true,
            "isBestMatch": true
        },
        {
            "agg_trade_id": 281720647,
            "price": "0.00002542",
            "quantity": "21679103.00",
            "first_trade_id": 964424938,
            "last_trade_id": 964424938,
            "timestamp": 1732039771298,
            "isBuyerMaker": true,
            "isBestMatch": true
        },
        {
            "agg_trade_id": 281720648,
            "price": "0.00002542",
            "quantity": "1215686.00",
            "first_trade_id": 964424939,
            "last_trade_id": 964424939,
            "timestamp": 1732039771300,
            "isBuyerMaker": true,
            "isBestMatch": true
        },
        {
            "agg_trade_id": 281720649,
            "price": "0.00002542",
            "quantity": "627450.00",
            "first_trade_id": 964424940,
            "last_trade_id": 964424940,
            "timestamp": 1732039771303,
            "isBuyerMaker": true,
            "isBestMatch": true
        },
        {
            "agg_trade_id": 281720650,
            "price": "0.00002542",
            "quantity": "2392156.00",
            "first_trade_id": 964424941,
            "last_trade_id": 964424941,
            "timestamp": 1732039771305,
            "isBuyerMaker": true,
            "isBestMatch": true
        },
        {
            "agg_trade_id": 281720651,
            "price": "0.00002542",
            "quantity": "3137254.00",
            "first_trade_id": 964424942,
            "last_trade_id": 964424942,
            "timestamp": 1732039771305,
            "isBuyerMaker": true,
            "isBestMatch": true
        },
        {
            "agg_trade_id": 281720652,
            "price": "0.00002542",
            "quantity": "511390.00",
            "first_trade_id": 964424943,
            "last_trade_id": 964424943,
            "timestamp": 1732039771306,
            "isBuyerMaker": true,
            "isBestMatch": true
        },
        {
            "agg_trade_id": 281720653,
            "price": "0.00002543",
            "quantity": "388131.00",
            "first_trade_id": 964424944,
            "last_trade_id": 964424944,
            "timestamp": 1732039771308,
            "isBuyerMaker": false,
            "isBestMatch": true
        },
        {
            "agg_trade_id": 281720654,
            "price": "0.00002542",
            "quantity": "862745.00",
            "first_trade_id": 964424945,
            "last_trade_id": 964424945,
            "timestamp": 1732039771308,
            "isBuyerMaker": true,
            "isBestMatch": true
        },
        {
            "agg_trade_id": 281720655,
            "price": "0.00002542",
            "quantity": "1960784.00",
            "first_trade_id": 964424946,
            "last_trade_id": 964424946,
            "timestamp": 1732039771309,
            "isBuyerMaker": true,
            "isBestMatch": true
        },
        {
            "agg_trade_id": 281720656,
            "price": "0.00002542",
            "quantity": "1019607.00",
            "first_trade_id": 964424947,
            "last_trade_id": 964424947,
            "timestamp": 1732039771314,
            "isBuyerMaker": true,
            "isBestMatch": true
        },
        {
            "agg_trade_id": 281720657,
            "price": "0.00002542",
            "quantity": "3176470.00",
            "first_trade_id": 964424948,
            "last_trade_id": 964424948,
            "timestamp": 1732039771317,
            "isBuyerMaker": true,
            "isBestMatch": true
        },
        {
            "agg_trade_id": 281720658,
            "price": "0.00002542",
            "quantity": "590065.00",
            "first_trade_id": 964424949,
            "last_trade_id": 964424949,
            "timestamp": 1732039771324,
            "isBuyerMaker": true,
            "isBestMatch": true
        },
        {
            "agg_trade_id": 281720659,
