{
    "data": [
        {
            "agg_trade_id": 436422275,
            "price": "243.29000000",
            "quantity": "0.00800000",
            "first_trade_id": 821438318,
            "last_trade_id": 821438318,
            "timestamp": 1732039830291,
            "isBuyerMaker": true,
            "isBestMatch": true
        },
        {
            "agg_trade_id": 436422276,
            "price": "243.29000000",
            "quantity": "2.00000000",
            "first_trade_id": 821438319,
            "last_trade_id": 821438319,
            "timestamp": 1732039830302,
            "isBuyerMaker": true,
            "isBestMatch": true
        },
        {
            "agg_trade_id": 436422277,
            "price": "243.29000000",
            "quantity": "2.00000000",
            "first_trade_id": 821438320,
            "last_trade_id": 821438320,
            "timestamp": 1732039831368,
            "isBuyerMaker": true,
            "isBestMatch": true
        },
        {
            "agg_trade_id": 436422278,
            "price": "243.29000000",
            "quantity": "2.04800000",
            "first_trade_id": 821438321,
            "last_trade_id": 821438345,
            "timestamp": 1732039831402,
            "isBuyerMaker": true,
            "isBestMatch": true
        },
        {
            "agg_trade_id": 436422279,
            "price": "243.28000000",
            "quantity": "0.25400000",
            "first_trade_id": 821438346,
            "last_trade_id": 821438355,
            "timestamp": 1732039831402,
            "isBuyerMaker": true,
            "isBestMatch": true
        },
        {
            "agg_trade_id": 436422280,
            "price": "243.27000000",
            "quantity": "0.05300000",
            "first_trade_id": 821438356,
            "last_trade_id": 821438357,
            "timestamp": 1732039831550,
            "isBuyerMaker": true,
            "isBestMatch": true
        },
        {
            "agg_trade_id": 436422281,
            "price": "243.27000000",
            "quantity": "10.36100000",
            "first_trade_id": 821438358,
            "last_trade_id": 821438359,
            "timestamp": 1732039831814,
            "isBuyerMaker": true,
            "isBestMatch": true
        },
        {
            "agg_trade_id": 436422282,
            "price": "243.27000000",
            "quantity": "0.25000000",
            "first_trade_id": 821438360,
            "last_trade_id": 821438361,
            "timestamp": 1732039832047,
            "isBuyerMaker": true,
            "isBestMatch": true
        },
        {
            "agg_trade_id": 436422283,
            "price": "243.27000000",
            "quantity": "0.09000000",
            "first_trade_id": 821438362,
            "last_trade_id": 821438362,
            "timestamp": 1732039832425,
            "isBuyerMaker": true,
            "isBestMatch": true
        },
        {
            "agg_trade_id": 436422284,
            "price": "243.27000000",
            "quantity": "0.09000000",
            "first_trade_id": 821438363,
            "last_trade_id": 821438366,
            "timestamp": 1732039832425,
            "isBuyerMaker": true,
            "isBestMatch": true
        },
        {
            "agg_trade_id": 436422285,
            "price": "243.27000000",
            "quantity": "0.09000000",
            "first_trade_id": 821438367,
            "last_trade_id": 821438367,
            "timestamp": 1732039832425,
            "isBuyerMaker": true,
            "isBestMatch": true
        },
        {
            "agg_trade_id": 436422286,
            "price": "243.27000000",
            "quantity": "0.09000000",
            "first_trade_id": 821438368,
            "last_trade_id": 821438368,
            "timestamp": 1732039832425,
            "isBuyerMaker": true,
            "isBestMatch": true
        },
        {
            "agg_trade_id": 436422287,
            "price": "243.27000000",
            "quantity": "0.09000000",
            "first_trade_id": 821438369,
            "last_trade_id": 821438372,
            "timestamp": 1732039832425,
            "isBuyerMaker": true,
            "isBestMatch": true
        },
        {
            "agg_trade_id": 436422288,
            "price": "243.27000000",
            "quantity": "0.09000000",
            "first_trade_id": 821438373,
            "last_trade_id": 821438375,
            "timestamp": 1732039832425,
            "isBuyerMaker": true,
            "isBestMatch": true
        },
        {
            "agg_trade_id": 436422289,
            "price": "243.27000000",
            "quantity": "0.09000000",
            "first_trade_id": 821438376,
            "last_trade_id": 821438379,
            "timestamp": 1732039832425,
            "isBuyerMaker": true,
            "isBestMatch": true
        },
        {
            "agg_trade_id": 436422290,
            "price": "243.27000000",
            "quantity": "0.07000000",
            "first_trade_id": 821438380,
            "last_trade_id": 821438381,
            "timestamp": 1732039832425,
            "isBuyerMaker": true,
            "isBestMatch": true
        },
        {
            "agg_trade_id": 436422291,
            "price": "243.26000000",
            "quantity": "0.02000000",
            "first_trade_id": 821438382,
            "last_trade_id": 821438382,
            "timestamp": 1732039832425,
            "isBuyerMaker": true,
            "isBestMatch": true
        },
        {
            "agg_trade_id": 436422292,
            "price": "243.27000000",
            "quantity": "0.21200000",
            "first_trade_id": 821438383,
            "last_trade_id": 821438383,
            "timestamp": 1732039832454,
            "isBuyerMaker": false,
            "isBestMatch": true
        },
        {
            "agg_trade_id": 436422293,
            "price": "243.26000000",
            "quantity": "0.21600000",
            "first_trade_id": 821438384,
            "last_trade_id": 821438384,
            "timestamp": 1732039832740,
            "isBuyerMaker": true,
            "isBestMatch": true
        },
        {
            "agg_trade_id": 436422294,
            "price": "243.26000000",
            "quantity": "4.42200000",
            "first_trade_id": 821438385,
            "last_trade_id": 821438386,
            "timestamp": 1732039832892,
            "isBuyerMaker": true,
            "isBestMatch": true
        },
        {
            "agg_trade_id": 436422295,
            "price": "243.26000000",
            "quantity": "2.00000000",
            "first_trade_id": 821438387,
            "last_trade_id": 821438387,
            "timestamp": 1732039833009,
            "isBuyerMaker": true,
            "isBestMatch": true
        },
        {
            "agg_trade_id": 436422296,
            "price": "243.26000000",
            "quantity": "2.00000000",
            "first_trade_id": 821438388,
            "last_trade_id": 821438388,
            "timestamp": 1732039833268,
            "isBuyerMaker": true,
            "isBestMatch": true
        },
        {
            "agg_trade_id": 436422297,
            "price": "243.26000000",
            "quantity": "0.99700000",
            "first_trade_id": 821438389,
            "last_trade_id": 821438389,
            "timestamp": 1732039833473,
            "isBuyerMaker": true,
            "isBestMatch": true
        },
        {
            "agg_trade_id": 436422298,
            "price": "243.26000000",
            "quantity": "2.00000000",
            "first_trade_id": 821438390,
            "last_trade_id": 821438390,
            "timestamp": 1732039833602,
            "isBuyerMaker": true,
            "isBestMatch": true
        },
        {
            "agg_trade_id": 436422299,
            "price": "243.27000000",
            "quantity": "0.08200000",
            "first_trade_id": 821438391,
            "last_trade_id": 821438391,
            "timestamp": 1732039834538,
            "isBuyerMaker": false,
            "isBestMatch": true
        },
        {
            "agg_trade_id": 436422300,
            "price": "243.27000000",
            "quantity": "3.31400000",
            "first_trade_id": 821438392,
            "last_trade_id": 821438392,
            "timestamp": 1732039834769,
            "isBuyerMaker": false,
            "isBestMatch": true
        },
        {
            "agg_trade_id": 436422301,
            "price": "243.26000000",
            "quantity": "4.42100000",
            "first_trade_id": 821438393,
            "last_trade_id": 821438393,
            "timestamp": 1732039834898,
            "isBuyerMaker": true,
            "isBestMatch": true
        },
        {
            "agg_trade_id": 436422302,
            "price": "243.26000000",
            "quantity": "15.38000000",
            "first_trade_id": 821438394,
            "last_trade_id": 821438395,
            "timestamp": 1732039834945,
            "isBuyerMaker": true,
            "isBestMatch": true
        },
        {
            "agg_trade_id": 436422303,
            "price": "243.26000000",
            "quantity": "15.38000000",
            "first_trade_id": 821438396,
            "last_trade_id": 821438396,
            "timestamp": 1732039834945,
            "isBuyerMaker": true,
            "isBestMatch": true
        },
        {
            "agg_trade_id": 436422304,
            "price": "243.26000000",
            "quantity": "14.03400000",
            "first_trade_id": 821438397,
            "last_trade_id": 821438404,
            "timestamp": 1732039834945,
            "isBuyerMaker": true,
            "isBestMatch": true
        },
        {
            "agg_trade_id": 436422305,
            "price": "243.26000000",
            "quantity": "14.03400000",
            "first_trade_id": 821438405,
            "last_trade_id": 821438405,
            "timestamp": 1732039834945,
            "isBuyerMaker": true,
            "isBestMatch": true
        },
        {
            "agg_trade_id": 436422306,
            "price": "243.26000000",
            "quantity": "92.63800000",
            "first_trade_id": 821438406,
            "last_trade_id": 821438411,
            "timestamp": 1732039834946,
            "isBuyerMaker": true,
            "isBestMatch": true
        },
        {
            "agg_trade_id": 436422307,
            "price": "243.26000000",
            "quantity": "10.28000000",
            "first_trade_id": 821438412,
            "last_trade_id": 821438421,
            "timestamp": 1732039834946,
            "isBuyerMaker": true,
            "isBestMatch": true
        },
        {
            "agg_trade_id": 436422308,
            "price": "243.25000000",
            "quantity": "2.00000000",
            "first_trade_id": 821438422,
            "last_trade_id": 821438427,
            "timestamp": 1732039835026,
            "isBuyerMaker": true,
            "isBestMatch": true
        },
        {
            "agg_trade_id": 436422309,
            "price": "243.25000000",
            "quantity": "3.97000000",
            "first_trade_id": 821438428,
            "last_trade_id": 821438428,
            "timestamp": 1732039835188,
            "isBuyerMaker": true,
            "isBestMatch": true
        },
        {
            "agg_trade_id": 436422310,
            "price": "243.25000000",
            "quantity": "0.09000000",
            "first_trade_id": 821438429,
            "last_trade_id": 821438431,
            "timestamp": 1732039835229,
            "isBuyerMaker": true,
            "isBestMatch": true
        },
        {
            "agg_trade_id": 436422311,
            "price": "243.25000000",
            "quantity": "0.09000000",
            "first_trade_id": 821438432,
            "last_trade_id": 821438434,
            "timestamp": 1732039835229,
            "isBuyerMaker": true,
            "isBestMatch": true
        },
        {
            "agg_trade_id": 436422312,
            "price": "243.25000000",
            "quantity": "0.09000000",
            "first_trade_id": 821438435,
            "last_trade_id": 821438438,
            "timestamp": 1732039835229,
            "isBuyerMaker": true,
            "isBestMatch": true
        },
        {
            "agg_trade_id": 436422313,
            "price": "243.25000000",
            "quantity": "0.09000000",
            "first_trade_id": 821438439,
            "last_trade_id": 821438441,
            "timestamp": 1732039835229,
            "isBuyerMaker": true,
            "isBestMatch": true
        },
        {
            "agg_trade_id": 436422314,
            "price": "243.25000000",
            "quantity": "0.04700000",
            "first_trade_id": 821438442,
            "last_trade_id": 821438443,
            "timestamp": 1732039835229,
            "isBuyerMaker": true,
            "isBestMatch": true
        },
        {
            "agg_trade_id": 436422315,
            "price": "243.24000000",
            "quantity": "0.04300000",
            "first_trade_id": 821438444,
            "last_trade_id": 821438444,
            "timestamp": 1732039835229,
            "isBuyerMaker": true,
            "isBestMatch": true
        },
        {
            "agg_trade_id": 436422316,
            "price": "243.24000000",
            "quantity": "4.42100000",
            "first_trade_id": 821438445,
            "last_trade_id": 821438446,
            "timestamp": 1732039835891,
            "isBuyerMaker": true,
            "isBestMatch": true
        },
        {
            "agg_trade_id": 436422317,
            "price": "243.24000000",
            "quantity": "0.21600000",
            "first_trade_id": 821438447,
            "last_trade_id": 821438447,
            "timestamp": 1732039836123,
            "isBuyerMaker": true,
            "isBestMatch": true
        },
        {
            "agg_trade_id": 436422318,
            "price": "243.24000000",
            "quantity": "1.69000000",
            "first_trade_id": 821438448,
            "last_trade_id": 821438448,
            "timestamp": 1732039836172,
            "isBuyerMaker": true,
            "isBestMatch": true
        },
        {
            "agg_trade_id": 436422319,
            "price": "243.24000000",
            "quantity": "0.20000000",
            "first_trade_id": 821438449,
            "last_trade_id": 821438449,
            "timestamp": 1732039836233,
            "isBuyerMaker": true,
            "isBestMatch": true
        },
        {
            "agg_trade_id": 436422320,
            "price": "243.25000000",
            "quantity": "0.03100000",
            "first_trade_id": 821438450,
            "last_trade_id": 821438450,
            "timestamp": 1732039836286,
            "isBuyerMaker": false,
            "isBestMatch": true
        },
        {
            "agg_trade_id": 436422321,
            "price": "243.25000000",
            "quantity": "8.31800000",
            "first_trade_id": 821438451,
            "last_trade_id": 821438451,
            "timestamp": 1732039836372,
            "isBuyerMaker": false,
            "isBestMatch": true
        },
        {
            "agg_trade_id": 436422322,
            "price": "243.25000000",
            "quantity": "2.84500000",
            "first_trade_id": 821438452,
            "last_trade_id": 821438452,
            "timestamp": 1732039836404,
            "isBuyerMaker": false,
            "isBestMatch": true
        },
        {
            "agg_trade_id": 436422323,
            "price": "243.24000000",
            "quantity": "0.78200000",
            "first_trade_id": 821438453,
            "last_trade_id": 821438478,
            "timestamp": 1732039836496,
            "isBuyerMaker": true,
            "isBestMatch": true
        },
        {
            "agg_trade_id": 436422324,
            "price": "243.23000000",
            "quantity": "1.21300000",
            "first_trade_id": 821438479,
            "last_trade_id": 821438488,
            "timestamp": 1732039836496,
            "isBuyerMaker": true,
            "isBestMatch": true
        },
        {
            "agg_trade_id": 436422325,
            "price": "243.23000000",
            "quantity": "2.84500000",
            "first_trade_id": 821438489,
            "last_trade_id": 821438489,
            "timestamp": 1732039836504,
            "isBuyerMaker": false,
            "isBestMatch": true
        },
        {
            "agg_trade_id": 436422326,
            "price": "243.23000000",
            "quantity": "0.11000000",
            "first_trade_id": 821438490,
            "last_trade_id": 821438490,
            "timestamp": 1732039836522,
            "isBuyerMaker": false,
            "isBestMatch": true
        },
        {
            "agg_trade_id": 436422327,
            "price": "243.22000000",
            "quantity": "0.09000000",
            "first_trade_id": 821438491,
            "last_trade_id": 821438493,
            "timestamp": 1732039836748,
            "isBuyerMaker": true,
            "isBestMatch": true
        },
        {
            "agg_trade_id": 436422328,
            "price": "243.22000000",
            "quantity": "0.09000000",
            "first_trade_id": 821438494,
            "last_trade_id": 821438497,
            "timestamp": 1732039836748,
            "isBuyerMaker": true,
            "isBestMatch": true
        },
        {
            "agg_trade_id": 436422329,
            "price": "243.22000000",
            "quantity": "0.09000000",
            "first_trade_id": 821438498,
            "last_trade_id": 821438500,
            "timestamp": 1732039836748,
            "isBuyerMaker": true,
            "isBestMatch": true
        },
        {
            "agg_trade_id": 436422330,
            "price": "243.22000000",
            "quantity": "0.09000000",
            "first_trade_id": 821438501,
            "last_trade_id": 821438503,
            "timestamp": 1732039836748,
            "isBuyerMaker": true,
            "isBestMatch": true
        },
        {
            "agg_trade_id": 436422331,
            "price": "243.22000000",
            "quantity": "0.09000000",
            "first_trade_id": 821438504,
            "last_trade_id": 821438506,
            "timestamp": 1732039836748,
            "isBuyerMaker": true,
            "isBestMatch": true
        },
        {
            "agg_trade_id": 436422332,
            "price": "243.22000000",
            "quantity": "0.02100000",
            "first_trade_id": 821438507,
            "last_trade_id": 821438507,
            "timestamp": 1732039836748,
            "isBuyerMaker": true,
            "isBestMatch": true
        },
        {
            "agg_trade_id": 436422333,
            "price": "243.21000000",
            "quantity": "0.06900000",
            "first_trade_id": 821438508,
            "last_trade_id": 821438509,
            "timestamp": 1732039836748,
            "isBuyerMaker": true,
            "isBestMatch": true
        },
        {
            "agg_trade_id": 436422334,
            "price": "243.21000000",
            "quantity": "0.09000000",
            "first_trade_id": 821438510,
            "last_trade_id": 821438513,
            "timestamp": 1732039836754,
            "isBuyerMaker": true,
            "isBestMatch": true
        },
        {
            "agg_trade_id": 436422335,
            "price": "243.21000000",
            "quantity": "0.09000000",
            "first_trade_id": 821438514,
            "last_trade_id": 821438516,
            "timestamp": 1732039836754,
            "isBuyerMaker": true,
            "isBestMatch": true
        },
        {
            "agg_trade_id": 436422336,
            "price": "243.21000000",
            "quantity": "0.09000000",
            "first_trade_id": 821438517,
            "last_trade_id": 821438520,
            "timestamp": 1732039836754,
            "isBuyerMaker": true,
            "isBestMatch": true
        },
        {
            "agg_trade_id": 436422337,
            "price": "243.21000000",
            "quantity": "0.09000000",
            "first_trade_id": 821438521,
            "last_trade_id": 821438523,
            "timestamp": 1732039836754,
            "isBuyerMaker": true,
            "isBestMatch": true
        },
        {
            "agg_trade_id": 436422338,
            "price": "243.21000000",
            "quantity": "0.01900000",
            "first_trade_id": 821438524,
            "last_trade_id": 821438524,
            "timestamp": 1732039836754,
            "isBuyerMaker": true,
            "isBestMatch": true
        },
        {
            "agg_trade_id": 436422339,
            "price": "243.20000000",
            "quantity": "0.07100000",
            "first_trade_id": 821438525,
            "last_trade_id": 821438525,
            "timestamp": 1732039836754,
            "isBuyerMaker": true,
            "isBestMatch": true
        },
        {
            "agg_trade_id": 436422340,
            "price": "243.20000000",
            "quantity": "2.00000000",
            "first_trade_id": 821438526,
            "last_trade_id": 821438526,
            "timestamp": 1732039836761,
            "isBuyerMaker": true,
            "isBestMatch": true
        },
        {
            "agg_trade_id": 436422341,
            "price": "243.20000000",
            "quantity": "8.50200000",
            "first_trade_id": 821438527,
            "last_trade_id": 821438543,
            "timestamp": 1732039836996,
            "isBuyerMaker": true,
            "isBestMatch": true
        },
        {
            "agg_trade_id": 436422342,
            "price": "243.19000000",
            "quantity": "0.13200000",
            "first_trade_id": 821438544,
            "last_trade_id": 821438549,
            "timestamp": 1732039836996,
            "isBuyerMaker": true,
            "isBestMatch": true
        },
        {
            "agg_trade_id": 436422343,
            "price": "243.18000000",
            "quantity": "0.09000000",
            "first_trade_id": 821438550,
            "last_trade_id": 821438551,
            "timestamp": 1732039837773,
            "isBuyerMaker": true,
            "isBestMatch": true
        },
        {
            "agg_trade_id": 436422344,
            "price": "243.18000000",
            "quantity": "0.09000000",
            "first_trade_id": 821438552,
            "last_trade_id": 821438553,
            "timestamp": 1732039837773,
            "isBuyerMaker": true,
            "isBestMatch": true
        },
        {
            "agg_trade_id": 436422345,
            "price": "243.18000000",
            "quantity": "0.09000000",
            "first_trade_id": 821438554,
            "last_trade_id": 821438555,
            "timestamp": 1732039837773,
            "isBuyerMaker": true,
            "isBestMatch": true
        },
        {
            "agg_trade_id": 436422346,
            "price": "243.18000000",
            "quantity": "0.29900000",
            "first_trade_id": 821438556,
            "last_trade_id": 821438564,
            "timestamp": 1732039837773,
            "isBuyerMaker": true,
            "isBestMatch": true
        },
        {
            "agg_trade_id": 436422347,
            "price": "243.17000000",
            "quantity": "0.27600000",
            "first_trade_id": 821438565,
            "last_trade_id": 821438565,
            "timestamp": 1732039837773,
            "isBuyerMaker": true,
            "isBestMatch": true
        },
        {
            "agg_trade_id": 436422348,
            "price": "243.17000000",
            "quantity": "0.09000000",
            "first_trade_id": 821438566,
            "last_trade_id": 821438566,
            "timestamp": 1732039837773,
            "isBuyerMaker": true,
            "isBestMatch": true
        },
        {
            "agg_trade_id": 436422349,
            "price": "243.17000000",
            "quantity": "2.00000000",
            "first_trade_id": 821438567,
            "last_trade_id": 821438567,
            "timestamp": 1732039837790,
            "isBuyerMaker": true,
            "isBestMatch": true
        },
        {
            "agg_trade_id": 436422350,
            "price": "243.17000000",
            "quantity": "0.09000000",
            "first_trade_id": 821438568,
            "last_trade_id": 821438568,
            "timestamp": 1732039837792,
            "isBuyerMaker": true,
            "isBestMatch": true
        },
        {
            "agg_trade_id": 436422351,
            "price": "243.17000000",
            "quantity": "0.09000000",
            "first_trade_id": 821438569,
            "last_trade_id": 821438572,
            "timestamp": 1732039837792,
            "isBuyerMaker": true,
            "isBestMatch": true
        },
        {
            "agg_trade_id": 436422352,
            "price": "243.17000000",
            "quantity": "0.09000000",
            "first_trade_id": 821438573,
            "last_trade_id": 821438575,
            "timestamp": 1732039837792,
            "isBuyerMaker": true,
            "isBestMatch": true
        },
        {
            "agg_trade_id": 436422353,
            "price": "243.17000000",
            "quantity": "0.09000000",
            "first_trade_id": 821438576,
            "last_trade_id": 821438579,
            "timestamp": 1732039837792,
            "isBuyerMaker": true,
            "isBestMatch": true
        },
        {
            "agg_trade_id": 436422354,
            "price": "243.17000000",
            "quantity": "0.09000000",
            "first_trade_id": 821438580,
            "last_trade_id": 821438582,
            "timestamp": 1732039837792,
            "isBuyerMaker": true,
            "isBestMatch": true
        },
        {
            "agg_trade_id": 436422355,
            "price": "243.17000000",
            "quantity": "0.09000000",
            "first_trade_id": 821438583,
            "last_trade_id": 821438585,
            "timestamp": 1732039837792,
            "isBuyerMaker": true,
            "isBestMatch": true
        },
        {
            "agg_trade_id": 436422356,
            "price": "243.17000000",
            "quantity": "0.00100000",
            "first_trade_id": 821438586,
            "last_trade_id": 821438586,
            "timestamp": 1732039837792,
            "isBuyerMaker": true,
            "isBestMatch": true
        },
        {
            "agg_trade_id": 436422357,
            "price": "243.16000000",
            "quantity": "0.08900000",
            "first_trade_id": 821438587,
            "last_trade_id": 821438587,
            "timestamp": 1732039837792,
            "isBuyerMaker": true,
            "isBestMatch": true
        },
        {
            "agg_trade_id": 436422358,
            "price": "243.17000000",
            "quantity": "8.77100000",
            "first_trade_id": 821438588,
            "last_trade_id": 821438588,
            "timestamp": 1732039837907,
            "isBuyerMaker": false,
            "isBestMatch": true
        },
        {
            "agg_trade_id": 436422359,
            "price": "243.17000000",
            "quantity": "15.73000000",
            "first_trade_id": 821438589,
            "last_trade_id": 821438590,
            "timestamp": 1732039838259,
            "isBuyerMaker": false,
            "isBestMatch": true
        },
        {
            "agg_trade_id": 436422360,
            "price": "243.16000000",
            "quantity": "0.14200000",
            "first_trade_id": 821438591,
            "last_trade_id": 821438591,
            "timestamp": 1732039838321,
            "isBuyerMaker": true,
            "isBestMatch": true
        },
        {
            "agg_trade_id": 436422361,
            "price": "243.16000000",
            "quantity": "0.10000000",
            "first_trade_id": 821438592,
            "last_trade_id": 821438592,
            "timestamp": 1732039838564,
            "isBuyerMaker": true,
            "isBestMatch": true
        },
        {
            "agg_trade_id": 436422362,
            "price": "243.16000000",
            "quantity": "0.09300000",
            "first_trade_id": 821438593,
            "last_trade_id": 821438593,
            "timestamp": 1732039838823,
            "isBuyerMaker": true,
            "isBestMatch": true
        },
        {
            "agg_trade_id": 436422363,
            "price": "243.17000000",
            "quantity": "61.13500000",
            "first_trade_id": 821438594,
            "last_trade_id": 821438599,
            "timestamp": 1732039839106,
            "isBuyerMaker": false,
            "isBestMatch": true
        },
        {
            "agg_trade_id": 436422364,
            "price": "243.17000000",
            "quantity": "30.12000000",
            "first_trade_id": 821438600,
            "last_trade_id": 821438604,
            "timestamp": 1732039839107,
            "isBuyerMaker": false,
            "isBestMatch": true
        },
        {
            "agg_trade_id": 436422365,
            "price": "243.17000000",
            "quantity": "9.55600000",
            "first_trade_id": 821438605,
            "last_trade_id": 821438621,
            "timestamp": 1732039839107,
            "isBuyerMaker": false,
            "isBestMatch": true
        },
        {
            "agg_trade_id": 436422366,
            "price": "243.18000000",
            "quantity": "0.09000000",
            "first_trade_id": 821438622,
            "last_trade_id": 821438623,
            "timestamp": 1732039839114,
            "isBuyerMaker": false,
            "isBestMatch": true
        },
        {
            "agg_trade_id": 436422367,
            "price": "243.18000000",
            "quantity": "0.09000000",
            "first_trade_id": 821438624,
            "last_trade_id": 821438624,
            "timestamp": 1732039839114,
            "isBuyerMaker": false,
            "isBestMatch": true
        },
        {
            "agg_trade_id": 436422368,
            "price": "243.18000000",
            "quantity": "0.09000000",
            "first_trade_id": 821438625,
            "last_trade_id": 821438627,
            "timestamp": 1732039839114,
            "isBuyerMaker": false,
            "isBestMatch": true
        },
        {
            "agg_trade_id": 436422369,
            "price": "243.18000000",
            "quantity": "0.09000000",
            "first_trade_id": 821438628,
            "last_trade_id": 821438630,
            "timestamp": 1732039839114,
            "isBuyerMaker": false,
            "isBestMatch": true
        },
        {
            "agg_trade_id": 436422370,
            "price": "243.18000000",
            "quantity": "0.09000000",
            "first_trade_id": 821438631,
            "last_trade_id": 821438633,
            "timestamp": 1732039839114,
            "isBuyerMaker": false,
            "isBestMatch": true
        },
        {
            "agg_trade_id": 436422371,
            "price": "243.18000000",
            "quantity": "0.09000000",
            "first_trade_id": 821438634,
            "last_trade_id": 821438636,
            "timestamp": 1732039839114,
            "isBuyerMaker": false,
            "isBestMatch": true
        },
        {
            "agg_trade_id": 436422372,
            "price": "243.18000000",
            "quantity": "0.05800000",
            "first_trade_id": 821438637,
            "last_trade_id": 821438638,
            "timestamp": 1732039839114,
            "isBuyerMaker": false,
            "isBestMatch": true
        },
        {
            "agg_trade_id": 436422373,
            "price": "243.19000000",
            "quantity": "0.03200000",
            "first_trade_id": 821438639,
            "last_trade_id": 821438639,
            "timestamp": 1732039839114,
            "isBuyerMaker": false,
            "isBestMatch": true
        },
        {
            "agg_trade_id": 436422374,
            "price": "243.19000000",
            "quantity": "0.14200000",
            "first_trade_id": 821438640,
            "last_trade_id": 821438641,
            "timestamp": 1732039839218,
            "isBuyerMaker": false,
            "isBestMatch": true
        },
        {
            "agg_trade_id": 436422375,
            "price": "243.19000000",
            "quantity": "0.09000000",
            "first_trade_id": 821438642,
            "last_trade_id": 821438644,
            "timestamp": 1732039839252,
            "isBuyerMaker": false,
            "isBestMatch": true
        },
        {
            "agg_trade_id": 436422376,
            "price": "243.19000000",
            "quantity": "0.09000000",
            "first_trade_id": 821438645,
            "last_trade_id": 821438647,
            "timestamp": 1732039839252,
            "isBuyerMaker": false,
            "isBestMatch": true
        },
        {
            "agg_trade_id": 436422377,
            "price": "243.19000000",
            "quantity": "0.09000000",
            "first_trade_id": 821438648,
            "last_trade_id": 821438651,
            "timestamp": 1732039839252,
            "isBuyerMaker": false,
            "isBestMatch": true
        },
        {
            "agg_trade_id": 436422378,
            "price": "243.19000000",
            "quantity": "0.06300000",
            "first_trade_id": 821438652,
            "last_trade_id": 821438653,
            "timestamp": 1732039839252,
            "isBuyerMaker": false,
            "isBestMatch": true
        },
        {
            "agg_trade_id": 436422379,
            "price": "243.20000000",
            "quantity": "0.02700000",
            "first_trade_id": 821438654,
            "last_trade_id": 821438654,
            "timestamp": 1732039839252,
            "isBuyerMaker": false,
            "isBestMatch": true
        },
        {
            "agg_trade_id": 436422380,
            "price": "243.20000000",
            "quantity": "0.02300000",
            "first_trade_id": 821438655,
            "last_trade_id": 821438655,
            "timestamp": 1732039839473,
            "isBuyerMaker": false,
            "isBestMatch": true
        },
        {
            "agg_trade_id": 436422381,
            "price": "243.20000000",
            "quantity": "0.65600000",
            "first_trade_id": 821438656,
            "last_trade_id": 821438656,
            "timestamp": 1732039839542,
            "isBuyerMaker": false,
            "isBestMatch": true
        },
        {
            "agg_trade_id": 436422382,
            "price": "243.20000000",
            "quantity": "0.08200000",
            "first_trade_id": 821438657,
            "last_trade_id": 821438657,
            "timestamp": 1732039839603,
            "isBuyerMaker": false,
            "isBestMatch": true
        },
        {
            "agg_trade_id": 436422383,
            "price": "243.20000000",
            "quantity": "41.17700000",
            "first_trade_id": 821438658,
            "last_trade_id": 821438661,
            "timestamp": 1732039839670,
            "isBuyerMaker": false,
            "isBestMatch": true
        },
        {
            "agg_trade_id": 436422384,
            "price": "243.20000000",
            "quantity": "0.48700000",
            "first_trade_id": 821438662,
            "last_trade_id": 821438677,
            "timestamp": 1732039839671,
            "isBuyerMaker": false,
            "isBestMatch": true
        },
        {
            "agg_trade_id": 436422385,
            "price": "243.21000000",
            "quantity": "92.06000000",
            "first_trade_id": 821438678,
            "last_trade_id": 821438682,
            "timestamp": 1732039839671,
            "isBuyerMaker": false,
            "isBestMatch": true
        },
        {
            "agg_trade_id": 436422386,
            "price": "243.21000000",
            "quantity": "0.57600000",
            "first_trade_id": 821438683,
            "last_trade_id": 821438690,
            "timestamp": 1732039839671,
            "isBuyerMaker": false,
            "isBestMatch": true
        },
        {
            "agg_trade_id": 436422387,
            "price": "243.22000000",
            "quantity": "17.01100000",
            "first_trade_id": 821438691,
            "last_trade_id": 821438692,
            "timestamp": 1732039839674,
            "isBuyerMaker": false,
            "isBestMatch": true
        },
        {
            "agg_trade_id": 436422388,
            "price": "243.23000000",
            "quantity": "1.03100000",
            "first_trade_id": 821438693,
            "last_trade_id": 821438694,
            "timestamp": 1732039839674,
            "isBuyerMaker": false,
            "isBestMatch": true
        },
        {
            "agg_trade_id": 436422389,
            "price": "243.24000000",
            "quantity": "36.08000000",
            "first_trade_id": 821438695,
            "last_trade_id": 821438696,
            "timestamp": 1732039839674,
            "isBuyerMaker": false,
            "isBestMatch": true
        },
        {
            "agg_trade_id": 436422390,
            "price": "243.24000000",
            "quantity": "5.01300000",
            "first_trade_id": 821438697,
            "last_trade_id": 821438697,
            "timestamp": 1732039839675,
            "isBuyerMaker": false,
            "isBestMatch": true
        },
        {
            "agg_trade_id": 436422391,
            "price": "243.25000000",
            "quantity": "6.87500000",
            "first_trade_id": 821438698,
            "last_trade_id": 821438699,
            "timestamp": 1732039839676,
            "isBuyerMaker": false,
            "isBestMatch": true
        },
        {
            "agg_trade_id": 436422392,
            "price": "243.25000000",
            "quantity": "13.42700000",
            "first_trade_id": 821438700,
            "last_trade_id": 821438701,
            "timestamp": 1732039839676,
            "isBuyerMaker": false,
            "isBestMatch": true
        },
        {
            "agg_trade_id": 436422393,
            "price": "243.27000000",
            "quantity": "32.91100000",
            "first_trade_id": 821438702,
            "last_trade_id": 821438702,
            "timestamp": 1732039839676,
            "isBuyerMaker": false,
            "isBestMatch": true
        },
        {
            "agg_trade_id": 436422394,
            "price": "243.27000000",
            "quantity": "3.71000000",
            "first_trade_id": 821438703,
            "last_trade_id": 821438705,
            "timestamp": 1732039839677,
            "isBuyerMaker": false,
            "isBestMatch": true
        },
        {
            "agg_trade_id": 436422395,
            "price": "243.27000000",
            "quantity": "1.71000000",
            "first_trade_id": 821438706,
            "last_trade_id": 821438706,
            "timestamp": 1732039839677,
            "isBuyerMaker": false,
            "isBestMatch": true
        },
        {
            "agg_trade_id": 436422396,
            "price": "243.28000000",
            "quantity": "0.09000000",
            "first_trade_id": 821438707,
            "last_trade_id": 821438707,
            "timestamp": 1732039839678,
            "isBuyerMaker": false,
            "isBestMatch": true
        },
        {
            "agg_trade_id": 436422397,
            "price": "243.28000000",
            "quantity": "3.71400000",
            "first_trade_id": 821438708,
            "last_trade_id": 821438708,
            "timestamp": 1732039839681,
            "isBuyerMaker": false,
            "isBestMatch": true
        },
        {
            "agg_trade_id": 436422398,
            "price": "243.28000000",
            "quantity": "16.27400000",
            "first_trade_id": 821438709,
            "last_trade_id": 821438711,
            "timestamp": 1732039839682,
            "isBuyerMaker": false,
            "isBestMatch": true
        },
        {
            "agg_trade_id": 436422399,
            "price": "243.28000000",
            "quantity": "4.45600000",
            "first_trade_id": 821438712,
            "last_trade_id": 821438713,
            "timestamp": 1732039839682,
            "isBuyerMaker": false,
            "isBestMatch": true
        },
        {
            "agg_trade_id": 436422400,
            "price": "243.29000000",
            "quantity": "0.04100000",
            "first_trade_id": 821438714,
            "last_trade_id": 821438715,
            "timestamp": 1732039839683,
            "isBuyerMaker": false,
            "isBestMatch": true
        },
        {
            "agg_trade_id": 436422401,
            "price": "243.29000000",
            "quantity": "2.00000000",
            "first_trade_id": 821438716,
            "last_trade_id": 821438717,
            "timestamp": 1732039839708,
            "isBuyerMaker": false,
            "isBestMatch": true
        },
        {
            "agg_trade_id": 436422402,
            "price": "243.29000000",
            "quantity": "0.09400000",
            "first_trade_id": 821438718,
            "last_trade_id": 821438718,
            "timestamp": 1732039839709,
            "isBuyerMaker": false,
            "isBestMatch": true
        },
        {
            "agg_trade_id": 436422403,
            "price": "243.30000000",
            "quantity": "4.01000000",
            "first_trade_id": 821438719,
            "last_trade_id": 821438719,
            "timestamp": 1732039839709,
            "isBuyerMaker": false,
            "isBestMatch": true
        },
        {
            "agg_trade_id": 436422404,
            "price": "243.30000000",
            "quantity": "2.00000000",
            "first_trade_id": 821438720,
            "last_trade_id": 821438720,
            "timestamp": 1732039839710,
            "isBuyerMaker": false,
            "isBestMatch": true
        },
        {
            "agg_trade_id": 436422405,
            "price": "243.30000000",
            "quantity": "16.00000000",
            "first_trade_id": 821438721,
            "last_trade_id": 821438722,
            "timestamp": 1732039839710,
            "isBuyerMaker": false,
            "isBestMatch": true
        },
        {
            "agg_trade_id": 436422406,
            "price": "243.30000000",
            "quantity": "32.00000000",
            "first_trade_id": 821438723,
            "last_trade_id": 821438724,
            "timestamp": 1732039839710,
            "isBuyerMaker": false,
            "isBestMatch": true
        },
        {
            "agg_trade_id": 436422407,
            "price": "243.30000000",
            "quantity": "2.00000000",
            "first_trade_id": 821438725,
            "last_trade_id": 821438725,
            "timestamp": 1732039839710,
            "isBuyerMaker": false,
            "isBestMatch": true
        },
        {
            "agg_trade_id": 436422408,
            "price": "243.30000000",
            "quantity": "8.00000000",
            "first_trade_id": 821438726,
            "last_trade_id": 821438726,
            "timestamp": 1732039839710,
            "isBuyerMaker": false,
            "isBestMatch": true
        },
        {
            "agg_trade_id": 436422409,
            "price": "243.30000000",
            "quantity": "0.41100000",
            "first_trade_id": 821438727,
            "last_trade_id": 821438727,
            "timestamp": 1732039839740,
            "isBuyerMaker": false,
            "isBestMatch": true
        },
        {
            "agg_trade_id": 436422410,
            "price": "243.30000000",
            "quantity": "2.05200000",
            "first_trade_id": 821438728,
            "last_trade_id": 821438728,
            "timestamp": 1732039839743,
            "isBuyerMaker": false,
            "isBestMatch": true
        },
        {
            "agg_trade_id": 436422411,
            "price": "243.30000000",
            "quantity": "1.86800000",
            "first_trade_id": 821438729,
            "last_trade_id": 821438729,
            "timestamp": 1732039839754,
            "isBuyerMaker": false,
            "isBestMatch": true
        },
        {
            "agg_trade_id": 436422412,
            "price": "243.31000000",
            "quantity": "3.00000000",
            "first_trade_id": 821438730,
            "last_trade_id": 821438731,
            "timestamp": 1732039839763,
            "isBuyerMaker": false,
            "isBestMatch": true
        },
        {
            "agg_trade_id": 436422413,
            "price": "243.31000000",
            "quantity": "1.00000000",
            "first_trade_id": 821438732,
            "last_trade_id": 821438732,
            "timestamp": 1732039839766,
            "isBuyerMaker": false,
            "isBestMatch": true
        },
        {
            "agg_trade_id": 436422414,
            "price": "243.32000000",
            "quantity": "1.00000000",
            "first_trade_id": 821438733,
            "last_trade_id": 821438733,
            "timestamp": 1732039839766,
            "isBuyerMaker": false,
            "isBestMatch": true
        },
        {
            "agg_trade_id": 436422415,
            "price": "243.32000000",
            "quantity": "0.69300000",
            "first_trade_id": 821438734,
            "last_trade_id": 821438735,
            "timestamp": 1732039839786,
            "isBuyerMaker": false,
            "isBestMatch": true
        },
        {
            "agg_trade_id": 436422416,
            "price": "243.33000000",
            "quantity": "0.40700000",
            "first_trade_id": 821438736,
            "last_trade_id": 821438736,
            "timestamp": 1732039839786,
            "isBuyerMaker": false,
            "isBestMatch": true
        },
        {
            "agg_trade_id": 436422417,
            "price": "243.33000000",
            "quantity": "0.41100000",
            "first_trade_id": 821438737,
            "last_trade_id": 821438737,
            "timestamp": 1732039839826,
            "isBuyerMaker": false,
            "isBestMatch": true
        },
        {
            "agg_trade_id": 436422418,
            "price": "243.32000000",
            "quantity": "11.30500000",
            "first_trade_id": 821438738,
            "last_trade_id": 821438740,
            "timestamp": 1732039839926,
            "isBuyerMaker": true,
            "isBestMatch": true
        },
        {
            "agg_trade_id": 436422419,
            "price": "243.32000000",
            "quantity": "22.75400000",
            "first_trade_id": 821438741,
            "last_trade_id": 821438745,
            "timestamp": 1732039840401,
            "isBuyerMaker": true,
            "isBestMatch": true
        },
        {
            "agg_trade_id": 436422420,
            "price": "243.32000000",
            "quantity": "0.33300000",
            "first_trade_id": 821438746,
            "last_trade_id": 821438754,
            "timestamp": 1732039840401,
            "isBuyerMaker": true,
            "isBestMatch": true
        },
        {
            "agg_trade_id": 436422421,
            "price": "243.31000000",
            "quantity": "30.79100000",
            "first_trade_id": 821438755,
            "last_trade_id": 821438755,
            "timestamp": 1732039840401,
            "isBuyerMaker": true,
            "isBestMatch": true
        },
        {
            "agg_trade_id": 436422422,
            "price": "243.30000000",
            "quantity": "0.37000000",
            "first_trade_id": 821438756,
            "last_trade_id": 821438765,
            "timestamp": 1732039840597,
            "isBuyerMaker": true,
            "isBestMatch": true
        },
        {
            "agg_trade_id": 436422423,
            "price": "243.29000000",
            "quantity": "3.63000000",
            "first_trade_id": 821438766,
            "last_trade_id": 821438769,
            "timestamp": 1732039840597,
            "isBuyerMaker": true,
            "isBestMatch": true
        },
        {
            "agg_trade_id": 436422424,
            "price": "243.30000000",
            "quantity": "0.25500000",
            "first_trade_id": 821438770,
            "last_trade_id": 821438770,
            "timestamp": 1732039841035,
            "isBuyerMaker": false,
            "isBestMatch": true
        },
        {
            "agg_trade_id": 436422425,
            "price": "243.30000000",
            "quantity": "0.04500000",
            "first_trade_id": 821438771,
            "last_trade_id": 821438771,
            "timestamp": 1732039841065,
            "isBuyerMaker": false,
            "isBestMatch": true
        },
        {
            "agg_trade_id": 436422426,
            "price": "243.29000000",
            "quantity": "0.44600000",
            "first_trade_id": 821438772,
            "last_trade_id": 821438782,
            "timestamp": 1732039841297,
            "isBuyerMaker": true,
            "isBestMatch": true
        },
        {
            "agg_trade_id": 436422427,
            "price": "243.28000000",
            "quantity": "1.00000000",
            "first_trade_id": 821438783,
            "last_trade_id": 821438783,
            "timestamp": 1732039841297,
            "isBuyerMaker": true,
            "isBestMatch": true
        },
        {
            "agg_trade_id": 436422428,
            "price": "243.28000000",
            "quantity": "0.23000000",
            "first_trade_id": 821438784,
            "last_trade_id": 821438784,
            "timestamp": 1732039841508,
            "isBuyerMaker": false,
            "isBestMatch": true
        },
        {
            "agg_trade_id": 436422429,
            "price": "243.28000000",
            "quantity": "6.04200000",
            "first_trade_id": 821438785,
            "last_trade_id": 821438785,
            "timestamp": 1732039841786,
            "isBuyerMaker": false,
            "isBestMatch": true
        },
        {
            "agg_trade_id": 436422430,
            "price": "243.28000000",
            "quantity": "26.89600000",
            "first_trade_id": 821438786,
            "last_trade_id": 821438786,
            "timestamp": 1732039841998,
            "isBuyerMaker": false,
            "isBestMatch": true
        },
        {
            "agg_trade_id": 436422431,
            "price": "243.27000000",
            "quantity": "0.09300000",
            "first_trade_id": 821438787,
            "last_trade_id": 821438788,
            "timestamp": 1732039842308,
            "isBuyerMaker": true,
            "isBestMatch": true
        },
        {
            "agg_trade_id": 436422432,
            "price": "243.27000000",
            "quantity": "0.29100000",
            "first_trade_id": 821438789,
            "last_trade_id": 821438790,
            "timestamp": 1732039842312,
            "isBuyerMaker": true,
            "isBestMatch": true
        },
        {
            "agg_trade_id": 436422433,
            "price": "243.27000000",
            "quantity": "0.05000000",
            "first_trade_id": 821438791,
            "last_trade_id": 821438791,
            "timestamp": 1732039842317,
            "isBuyerMaker": true,
            "isBestMatch": true
        },
        {
            "agg_trade_id": 436422434,
            "price": "243.27000000",
            "quantity": "0.04900000",
            "first_trade_id": 821438792,
            "last_trade_id": 821438792,
            "timestamp": 1732039842319,
            "isBuyerMaker": true,
            "isBestMatch": true
        },
        {
            "agg_trade_id": 436422435,
            "price": "243.28000000",
            "quantity": "4.82800000",
            "first_trade_id": 821438793,
            "last_trade_id": 821438793,
            "timestamp": 1732039843176,
            "isBuyerMaker": false,
            "isBestMatch": true
        },
        {
            "agg_trade_id": 436422436,
            "price": "243.28000000",
            "quantity": "20.61100000",
            "first_trade_id": 821438794,
            "last_trade_id": 821438796,
            "timestamp": 1732039843315,
            "isBuyerMaker": false,
            "isBestMatch": true
        },
        {
            "agg_trade_id": 436422437,
            "price": "243.28000000",
            "quantity": "0.09000000",
            "first_trade_id": 821438797,
            "last_trade_id": 821438799,
            "timestamp": 1732039843317,
            "isBuyerMaker": false,
            "isBestMatch": true
        },
        {
            "agg_trade_id": 436422438,
            "price": "243.28000000",
            "quantity": "0.09000000",
            "first_trade_id": 821438800,
            "last_trade_id": 821438802,
            "timestamp": 1732039843317,
            "isBuyerMaker": false,
            "isBestMatch": true
        },
        {
            "agg_trade_id": 436422439,
            "price": "243.28000000",
            "quantity": "0.09000000",
            "first_trade_id": 821438803,
            "last_trade_id": 821438806,
            "timestamp": 1732039843317,
            "isBuyerMaker": false,
            "isBestMatch": true
        },
        {
            "agg_trade_id": 436422440,
            "price": "243.28000000",
            "quantity": "0.06300000",
            "first_trade_id": 821438807,
            "last_trade_id": 821438808,
            "timestamp": 1732039843317,
            "isBuyerMaker": false,
            "isBestMatch": true
        },
        {
            "agg_trade_id": 436422441,
            "price": "243.31000000",
            "quantity": "0.02700000",
            "first_trade_id": 821438809,
            "last_trade_id": 821438809,
            "timestamp": 1732039843317,
            "isBuyerMaker": false,
            "isBestMatch": true
        },
        {
            "agg_trade_id": 436422442,
            "price": "243.30000000",
            "quantity": "0.05900000",
            "first_trade_id": 821438810,
            "last_trade_id": 821438811,
            "timestamp": 1732039843766,
            "isBuyerMaker": true,
            "isBestMatch": true
        },
        {
            "agg_trade_id": 436422443,
            "price": "243.31000000",
            "quantity": "0.09000000",
            "first_trade_id": 821438812,
            "last_trade_id": 821438814,
            "timestamp": 1732039844542,
            "isBuyerMaker": false,
            "isBestMatch": true
        },
        {
            "agg_trade_id": 436422444,
            "price": "243.31000000",
            "quantity": "0.09000000",
            "first_trade_id": 821438815,
            "last_trade_id": 821438817,
            "timestamp": 1732039844542,
            "isBuyerMaker": false,
            "isBestMatch": true
        },
        {
            "agg_trade_id": 436422445,
            "price": "243.31000000",
            "quantity": "0.09000000",
            "first_trade_id": 821438818,
            "last_trade_id": 821438821,
            "timestamp": 1732039844542,
            "isBuyerMaker": false,
            "isBestMatch": true
        },
        {
            "agg_trade_id": 436422446,
            "price": "243.31000000",
            "quantity": "0.09000000",
            "first_trade_id": 821438822,
            "last_trade_id": 821438824,
            "timestamp": 1732039844542,
            "isBuyerMaker": false,
            "isBestMatch": true
        },
        {
            "agg_trade_id": 436422447,
            "price": "243.31000000",
            "quantity": "0.01000000",
            "first_trade_id": 821438825,
            "last_trade_id": 821438825,
            "timestamp": 1732039844542,
            "isBuyerMaker": false,
            "isBestMatch": true
        },
        {
            "agg_trade_id": 436422448,
            "price": "243.32000000",
            "quantity": "0.08000000",
            "first_trade_id": 821438826,
            "last_trade_id": 821438827,
            "timestamp": 1732039844542,
            "isBuyerMaker": false,
            "isBestMatch": true
        },
        {
            "agg_trade_id": 436422449,
            "price": "243.32000000",
            "quantity": "0.09000000",
            "first_trade_id": 821438828,
            "last_trade_id": 821438830,
            "timestamp": 1732039844682,
            "isBuyerMaker": false,
            "isBestMatch": true
        },
        {
            "agg_trade_id": 436422450,
            "price": "243.32000000",
            "quantity": "0.09000000",
            "first_trade_id": 821438831,
            "last_trade_id": 821438833,
            "timestamp": 1732039844682,
            "isBuyerMaker": false,
            "isBestMatch": true
        },
        {
            "agg_trade_id": 436422451,
            "price": "243.32000000",
            "quantity": "0.09000000",
            "first_trade_id": 821438834,
            "last_trade_id": 821438837,
            "timestamp": 1732039844682,
            "isBuyerMaker": false,
            "isBestMatch": true
        },
        {
            "agg_trade_id": 436422452,
            "price": "243.32000000",
            "quantity": "0.09000000",
            "first_trade_id": 821438838,
            "last_trade_id": 821438840,
            "timestamp": 1732039844682,
            "isBuyerMaker": false,
            "isBestMatch": true
        },
        {
            "agg_trade_id": 436422453,
            "price": "243.32000000",
            "quantity": "0.01000000",
            "first_trade_id": 821438841,
            "last_trade_id": 821438841,
            "timestamp": 1732039844682,
            "isBuyerMaker": false,
            "isBestMatch": true
        },
        {
            "agg_trade_id": 436422454,
            "price": "243.33000000",
            "quantity": "0.08000000",
            "first_trade_id": 821438842,
            "last_trade_id": 821438842,
            "timestamp": 1732039844682,
            "isBuyerMaker": false,
            "isBestMatch": true
        },
        {
            "agg_trade_id": 436422455,
            "price": "243.33000000",
            "quantity": "25.69300000",
            "first_trade_id": 821438843,
            "last_trade_id": 821438848,
            "timestamp": 1732039845030,
            "isBuyerMaker": false,
            "isBestMatch": true
        },
        {
            "agg_trade_id": 436422456,
            "price": "243.33000000",
            "quantity": "88.91100000",
            "first_trade_id": 821438849,
            "last_trade_id": 821438853,
            "timestamp": 1732039845031,
            "isBuyerMaker": false,
            "isBestMatch": true
        },
        {
            "agg_trade_id": 436422457,
            "price": "243.33000000",
            "quantity": "4.20100000",
            "first_trade_id": 821438854,
            "last_trade_id": 821438854,
            "timestamp": 1732039845031,
            "isBuyerMaker": false,
            "isBestMatch": true
        },
        {
            "agg_trade_id": 436422458,
            "price": "243.33000000",
            "quantity": "12.47400000",
            "first_trade_id": 821438855,
            "last_trade_id": 821438856,
            "timestamp": 1732039845031,
            "isBuyerMaker": false,
            "isBestMatch": true
        },
        {
            "agg_trade_id": 436422459,
            "price": "243.33000000",
            "quantity": "0.48700000",
            "first_trade_id": 821438857,
            "last_trade_id": 821438872,
            "timestamp": 1732039845032,
            "isBuyerMaker": false,
            "isBestMatch": true
        },
        {
            "agg_trade_id": 436422460,
            "price": "243.34000000",
            "quantity": "0.12300000",
            "first_trade_id": 821438873,
            "last_trade_id": 821438874,
            "timestamp": 1732039845040,
            "isBuyerMaker": false,
            "isBestMatch": true
        },
        {
            "agg_trade_id": 436422461,
            "price": "243.34000000",
            "quantity": "0.09000000",
            "first_trade_id": 821438875,
            "last_trade_id": 821438875,
            "timestamp": 1732039845043,
            "isBuyerMaker": false,
            "isBestMatch": true
        },
        {
            "agg_trade_id": 436422462,
            "price": "243.34000000",
            "quantity": "0.09000000",
            "first_trade_id": 821438876,
            "last_trade_id": 821438878,
            "timestamp": 1732039845081,
            "isBuyerMaker": false,
            "isBestMatch": true
        },
        {
            "agg_trade_id": 436422463,
            "price": "243.34000000",
            "quantity": "0.09000000",
            "first_trade_id": 821438879,
            "last_trade_id": 821438881,
            "timestamp": 1732039845081,
            "isBuyerMaker": false,
            "isBestMatch": true
        },
        {
            "agg_trade_id": 436422464,
            "price": "243.34000000",
            "quantity": "0.09000000",
            "first_trade_id": 821438882,
            "last_trade_id": 821438885,
            "timestamp": 1732039845081,
            "isBuyerMaker": false,
            "isBestMatch": true
        },
        {
            "agg_trade_id": 436422465,
            "price": "243.34000000",
            "quantity": "0.09000000",
            "first_trade_id": 821438886,
            "last_trade_id": 821438888,
            "timestamp": 1732039845081,
            "isBuyerMaker": false,
            "isBestMatch": true
        },
        {
            "agg_trade_id": 436422466,
            "price": "243.34000000",
            "quantity": "0.01000000",
            "first_trade_id": 821438889,
            "last_trade_id": 821438889,
            "timestamp": 1732039845081,
            "isBuyerMaker": false,
            "isBestMatch": true
        },
        {
            "agg_trade_id": 436422467,
            "price": "243.35000000",
            "quantity": "0.08000000",
            "first_trade_id": 821438890,
            "last_trade_id": 821438890,
            "timestamp": 1732039845081,
            "isBuyerMaker": false,
            "isBestMatch": true
        },
        {
            "agg_trade_id": 436422468,
            "price": "243.35000000",
            "quantity": "0.29500000",
            "first_trade_id": 821438891,
            "last_trade_id": 821438892,
            "timestamp": 1732039845326,
            "isBuyerMaker": false,
            "isBestMatch": true
        },
        {
            "agg_trade_id": 436422469,
            "price": "243.35000000",
            "quantity": "0.09000000",
            "first_trade_id": 821438893,
            "last_trade_id": 821438893,
            "timestamp": 1732039845539,
            "isBuyerMaker": false,
            "isBestMatch": true
        },
        {
            "agg_trade_id": 436422470,
            "price": "243.35000000",
            "quantity": "10.99700000",
            "first_trade_id": 821438894,
            "last_trade_id": 821438894,
            "timestamp": 1732039845874,
            "isBuyerMaker": false,
            "isBestMatch": true
        },
        {
            "agg_trade_id": 436422471,
            "price": "243.34000000",
            "quantity": "0.81400000",
            "first_trade_id": 821438895,
            "last_trade_id": 821438907,
            "timestamp": 1732039845996,
            "isBuyerMaker": true,
            "isBestMatch": true
        },
        {
            "agg_trade_id": 436422472,
            "price": "243.34000000",
            "quantity": "0.52200000",
            "first_trade_id": 821438908,
            "last_trade_id": 821438908,
            "timestamp": 1732039846685,
            "isBuyerMaker": false,
            "isBestMatch": true
        },
        {
            "agg_trade_id": 436422473,
            "price": "243.33000000",
            "quantity": "1.87600000",
            "first_trade_id": 821438909,
            "last_trade_id": 821438913,
            "timestamp": 1732039846953,
            "isBuyerMaker": true,
            "isBestMatch": true
        },
        {
            "agg_trade_id": 436422474,
            "price": "243.34000000",
            "quantity": "0.06100000",
            "first_trade_id": 821438914,
            "last_trade_id": 821438914,
            "timestamp": 1732039847468,
            "isBuyerMaker": false,
            "isBestMatch": true
        },
        {
            "agg_trade_id": 436422475,
            "price": "243.34000000",
            "quantity": "0.84600000",
            "first_trade_id": 821438915,
            "last_trade_id": 821438915,
            "timestamp": 1732039847503,
            "isBuyerMaker": false,
            "isBestMatch": true
        },
        {
            "agg_trade_id": 436422476,
            "price": "243.33000000",
            "quantity": "4.27300000",
            "first_trade_id": 821438916,
            "last_trade_id": 821438916,
            "timestamp": 1732039848411,
            "isBuyerMaker": true,
            "isBestMatch": true
        },
        {
            "agg_trade_id": 436422477,
            "price": "243.33000000",
            "quantity": "2.00000000",
            "first_trade_id": 821438917,
            "last_trade_id": 821438917,
            "timestamp": 1732039849057,
            "isBuyerMaker": true,
            "isBestMatch": true
        },
        {
            "agg_trade_id": 436422478,
            "price": "243.34000000",
            "quantity": "0.86400000",
            "first_trade_id": 821438918,
            "last_trade_id": 821438918,
            "timestamp": 1732039849071,
            "isBuyerMaker": false,
            "isBestMatch": true
        },
        {
            "agg_trade_id": 436422479,
            "price": "243.34000000",
            "quantity": "0.05100000",
            "first_trade_id": 821438919,
            "last_trade_id": 821438919,
            "timestamp": 1732039849197,
            "isBuyerMaker": false,
            "isBestMatch": true
        },
        {
            "agg_trade_id": 436422480,
            "price": "243.33000000",
            "quantity": "0.25000000",
            "first_trade_id": 821438920,
            "last_trade_id": 821438920,
            "timestamp": 1732039850201,
            "isBuyerMaker": true,
            "isBestMatch": true
        },
        {
            "agg_trade_id": 436422481,
            "price": "243.33000000",
            "quantity": "0.12300000",
            "first_trade_id": 821438921,
            "last_trade_id": 821438921,
            "timestamp": 1732039850912,
            "isBuyerMaker": true,
            "isBestMatch": true
        },
        {
            "agg_trade_id": 436422482,
            "price": "243.33000000",
            "quantity": "0.08400000",
            "first_trade_id": 821438922,
            "last_trade_id": 821438922,
            "timestamp": 1732039851001,
            "isBuyerMaker": true,
            "isBestMatch": true
        },
        {
            "agg_trade_id": 436422483,
            "price": "243.33000000",
            "quantity": "0.11200000",
            "first_trade_id": 821438923,
            "last_trade_id": 821438923,
            "timestamp": 1732039851713,
            "isBuyerMaker": true,
            "isBestMatch": true
        },
        {
            "agg_trade_id": 436422484,
            "price": "243.34000000",
            "quantity": "0.93800000",
            "first_trade_id": 821438924,
            "last_trade_id": 821438925,
            "timestamp": 1732039852678,
            "isBuyerMaker": false,
            "isBestMatch": true
        },
        {
            "agg_trade_id": 436422485,
            "price": "243.33000000",
            "quantity": "1.66600000",
            "first_trade_id": 821438926,
            "last_trade_id": 821438926,
            "timestamp": 1732039852817,
            "isBuyerMaker": true,
            "isBestMatch": true
        },
        {
            "agg_trade_id": 436422486,
            "price": "243.33000000",
            "quantity": "1.15300000",
            "first_trade_id": 821438927,
            "last_trade_id": 821438927,
            "timestamp": 1732039852874,
            "isBuyerMaker": true,
            "isBestMatch": true
        },
        {
            "agg_trade_id": 436422487,
            "price": "243.34000000",
            "quantity": "7.14800000",
            "first_trade_id": 821438928,
            "last_trade_id": 821438931,
            "timestamp": 1732039853012,
            "isBuyerMaker": false,
            "isBestMatch": true
        },
        {
            "agg_trade_id": 436422488,
            "price": "243.34000000",
            "quantity": "0.29000000",
            "first_trade_id": 821438932,
            "last_trade_id": 821438932,
            "timestamp": 1732039853020,
            "isBuyerMaker": false,
            "isBestMatch": true
        },
        {
            "agg_trade_id": 436422489,
            "price": "243.34000000",
            "quantity": "1.29700000",
            "first_trade_id": 821438933,
            "last_trade_id": 821438933,
            "timestamp": 1732039853222,
            "isBuyerMaker": false,
            "isBestMatch": true
        },
        {
            "agg_trade_id": 436422490,
            "price": "243.34000000",
            "quantity": "11.98400000",
            "first_trade_id": 821438934,
            "last_trade_id": 821438934,
            "timestamp": 1732039853228,
            "isBuyerMaker": false,
            "isBestMatch": true
        },
        {
            "agg_trade_id": 436422491,
            "price": "243.34000000",
            "quantity": "6.29700000",
            "first_trade_id": 821438935,
            "last_trade_id": 821438936,
            "timestamp": 1732039853228,
            "isBuyerMaker": false,
            "isBestMatch": true
        },
        {
            "agg_trade_id": 436422492,
            "price": "243.34000000",
            "quantity": "11.98400000",
            "first_trade_id": 821438937,
            "last_trade_id": 821438945,
            "timestamp": 1732039853228,
            "isBuyerMaker": false,
            "isBestMatch": true
        },
        {
            "agg_trade_id": 436422493,
            "price": "243.34000000",
            "quantity": "10.16600000",
            "first_trade_id": 821438946,
            "last_trade_id": 821438946,
            "timestamp": 1732039853228,
            "isBuyerMaker": false,
            "isBestMatch": true
        },
        {
            "agg_trade_id": 436422494,
            "price": "243.34000000",
            "quantity": "10.65900000",
            "first_trade_id": 821438947,
            "last_trade_id": 821438962,
            "timestamp": 1732039853228,
            "isBuyerMaker": false,
            "isBestMatch": true
        },
        {
            "agg_trade_id": 436422495,
            "price": "243.35000000",
            "quantity": "61.83300000",
            "first_trade_id": 821438963,
            "last_trade_id": 821438974,
            "timestamp": 1732039853228,
            "isBuyerMaker": false,
            "isBestMatch": true
        },
        {
            "agg_trade_id": 436422496,
            "price": "243.36000000",
            "quantity": "5.85600000",
            "first_trade_id": 821438975,
            "last_trade_id": 821438975,
            "timestamp": 1732039853228,
            "isBuyerMaker": false,
            "isBestMatch": true
        },
        {
            "agg_trade_id": 436422497,
            "price": "243.36000000",
            "quantity": "22.33400000",
            "first_trade_id": 821438976,
            "last_trade_id": 821438976,
            "timestamp": 1732039853228,
            "isBuyerMaker": false,
            "isBestMatch": true
        },
        {
            "agg_trade_id": 436422498,
            "price": "243.36000000",
            "quantity": "19.30600000",
            "first_trade_id": 821438977,
            "last_trade_id": 821438980,
            "timestamp": 1732039853229,
            "isBuyerMaker": false,
            "isBestMatch": true
        },
        {
            "agg_trade_id": 436422499,
            "price": "243.37000000",
            "quantity": "44.95200000",
            "first_trade_id": 821438981,
            "last_trade_id": 821438983,
            "timestamp": 1732039853229,
            "isBuyerMaker": false,
            "isBestMatch": true
        },
        {
            "agg_trade_id": 436422500,
            "price": "243.39000000",
            "quantity": "4.00000000",
            "first_trade_id": 821438984,
            "last_trade_id": 821438984,
            "timestamp": 1732039853229,
            "isBuyerMaker": false,
            "isBestMatch": true
        },
        {
            "agg_trade_id": 436422501,
            "price": "243.38000000",
            "quantity": "0.99400000",
            "first_trade_id": 821438985,
            "last_trade_id": 821438999,
            "timestamp": 1732039853596,
            "isBuyerMaker": true,
            "isBestMatch": true
        },
        {
            "agg_trade_id": 436422502,
            "price": "243.37000000",
            "quantity": "0.12700000",
            "first_trade_id": 821439000,
            "last_trade_id": 821439000,
            "timestamp": 1732039853826,
            "isBuyerMaker": true,
            "isBestMatch": true
        },
        {
            "agg_trade_id": 436422503,
            "price": "243.37000000",
            "quantity": "0.13100000",
            "first_trade_id": 821439001,
            "last_trade_id": 821439001,
            "timestamp": 1732039854095,
            "isBuyerMaker": true,
            "isBestMatch": true
        },
        {
            "agg_trade_id": 436422504,
            "price": "243.37000000",
            "quantity": "0.04400000",
            "first_trade_id": 821439002,
            "last_trade_id": 821439002,
            "timestamp": 1732039854109,
            "isBuyerMaker": true,
            "isBestMatch": true
        },
        {
            "agg_trade_id": 436422505,
            "price": "243.37000000",
            "quantity": "0.06600000",
            "first_trade_id": 821439003,
            "last_trade_id": 821439003,
            "timestamp": 1732039854113,
            "isBuyerMaker": true,
            "isBestMatch": true
        },
        {
            "agg_trade_id": 436422506,
            "price": "243.37000000",
            "quantity": "0.08400000",
            "first_trade_id": 821439004,
            "last_trade_id": 821439004,
            "timestamp": 1732039854318,
            "isBuyerMaker": true,
            "isBestMatch": true
        },
        {
            "agg_trade_id": 436422507,
            "price": "243.37000000",
            "quantity": "0.08800000",
            "first_trade_id": 821439005,
            "last_trade_id": 821439005,
            "timestamp": 1732039854938,
            "isBuyerMaker": true,
            "isBestMatch": true
        },
        {
            "agg_trade_id": 436422508,
            "price": "243.38000000",
            "quantity": "1.00200000",
            "first_trade_id": 821439006,
            "last_trade_id": 821439007,
            "timestamp": 1732039854948,
            "isBuyerMaker": false,
            "isBestMatch": true
        },
        {
            "agg_trade_id": 436422509,
            "price": "243.38000000",
            "quantity": "0.13300000",
            "first_trade_id": 821439008,
            "last_trade_id": 821439008,
            "timestamp": 1732039856092,
            "isBuyerMaker": false,
            "isBestMatch": true
        },
        {
            "agg_trade_id": 436422510,
            "price": "243.37000000",
            "quantity": "3.40000000",
            "first_trade_id": 821439009,
            "last_trade_id": 821439009,
            "timestamp": 1732039856573,
            "isBuyerMaker": true,
            "isBestMatch": true
        },
        {
            "agg_trade_id": 436422511,
            "price": "243.37000000",
            "quantity": "0.12700000",
            "first_trade_id": 821439010,
            "last_trade_id": 821439010,
            "timestamp": 1732039857823,
            "isBuyerMaker": true,
            "isBestMatch": true
        },
        {
            "agg_trade_id": 436422512,
            "price": "243.38000000",
            "quantity": "0.53300000",
            "first_trade_id": 821439011,
            "last_trade_id": 821439011,
            "timestamp": 1732039858110,
            "isBuyerMaker": false,
            "isBestMatch": true
        },
        {
            "agg_trade_id": 436422513,
            "price": "243.37000000",
            "quantity": "0.07700000",
            "first_trade_id": 821439012,
            "last_trade_id": 821439012,
            "timestamp": 1732039858210,
            "isBuyerMaker": true,
            "isBestMatch": true
        },
        {
            "agg_trade_id": 436422514,
            "price": "243.38000000",
            "quantity": "0.08200000",
            "first_trade_id": 821439013,
            "last_trade_id": 821439013,
            "timestamp": 1732039859670,
            "isBuyerMaker": false,
            "isBestMatch": true
        },
        {
            "agg_trade_id": 436422515,
            "price": "243.38000000",
            "quantity": "4.21100000",
            "first_trade_id": 821439014,
            "last_trade_id": 821439016,
            "timestamp": 1732039859753,
            "isBuyerMaker": false,
            "isBestMatch": true
        },
        {
            "agg_trade_id": 436422516,
            "price": "243.37000000",
            "quantity": "3.30300000",
            "first_trade_id": 821439017,
            "last_trade_id": 821439017,
            "timestamp": 1732039859986,
            "isBuyerMaker": true,
            "isBestMatch": true
        },
        {
            "agg_trade_id": 436422517,
            "price": "243.38000000",
            "quantity": "113.13500000",
            "first_trade_id": 821439018,
            "last_trade_id": 821439043,
            "timestamp": 1732039860537,
            "isBuyerMaker": false,
            "isBestMatch": true
        },
        {
            "agg_trade_id": 436422518,
            "price": "243.39000000",
            "quantity": "39.98800000",
            "first_trade_id": 821439044,
            "last_trade_id": 821439054,
            "timestamp": 1732039860537,
            "isBuyerMaker": false,
            "isBestMatch": true
        },
        {
            "agg_trade_id": 436422519,
            "price": "243.40000000",
            "quantity": "50.08600000",
            "first_trade_id": 821439055,
            "last_trade_id": 821439062,
            "timestamp": 1732039860537,
            "isBuyerMaker": false,
            "isBestMatch": true
        },
        {
            "agg_trade_id": 436422520,
            "price": "243.41000000",
            "quantity": "57.61900000",
            "first_trade_id": 821439063,
            "last_trade_id": 821439069,
            "timestamp": 1732039860537,
            "isBuyerMaker": false,
            "isBestMatch": true
        },
        {
            "agg_trade_id": 436422521,
            "price": "243.42000000",
            "quantity": "8.33700000",
            "first_trade_id": 821439070,
            "last_trade_id": 821439072,
            "timestamp": 1732039860537,
            "isBuyerMaker": false,
            "isBestMatch": true
        },
        {
            "agg_trade_id": 436422522,
            "price": "243.43000000",
            "quantity": "19.99200000",
            "first_trade_id": 821439073,
            "last_trade_id": 821439076,
            "timestamp": 1732039860537,
            "isBuyerMaker": false,
            "isBestMatch": true
        },
        {
            "agg_trade_id": 436422523,
            "price": "243.44000000",
            "quantity": "8.34400000",
            "first_trade_id": 821439077,
            "last_trade_id": 821439078,
            "timestamp": 1732039860537,
            "isBuyerMaker": false,
            "isBestMatch": true
        },
        {
            "agg_trade_id": 436422524,
            "price": "243.45000000",
            "quantity": "30.81700000",
            "first_trade_id": 821439079,
            "last_trade_id": 821439085,
            "timestamp": 1732039860537,
            "isBuyerMaker": false,
            "isBestMatch": true
        },
        {
            "agg_trade_id": 436422525,
            "price": "243.46000000",
            "quantity": "56.51800000",
            "first_trade_id": 821439086,
            "last_trade_id": 821439110,
            "timestamp": 1732039860537,
            "isBuyerMaker": false,
            "isBestMatch": true
        },
        {
            "agg_trade_id": 436422526,
            "price": "243.45000000",
            "quantity": "10.62000000",
            "first_trade_id": 821439111,
            "last_trade_id": 821439111,
            "timestamp": 1732039860539,
            "isBuyerMaker": true,
            "isBestMatch": true
        },
        {
            "agg_trade_id": 436422527,
            "price": "243.45000000",
            "quantity": "22.66500000",
            "first_trade_id": 821439112,
            "last_trade_id": 821439122,
            "timestamp": 1732039860540,
            "isBuyerMaker": true,
            "isBestMatch": true
        },
        {
            "agg_trade_id": 436422528,
            "price": "243.44000000",
            "quantity": "27.33600000",
            "first_trade_id": 821439123,
            "last_trade_id": 821439123,
            "timestamp": 1732039860540,
            "isBuyerMaker": true,
            "isBestMatch": true
        },
        {
            "agg_trade_id": 436422529,
            "price": "243.44000000",
            "quantity": "5.57900000",
            "first_trade_id": 821439124,
            "last_trade_id": 821439124,
            "timestamp": 1732039860540,
            "isBuyerMaker": true,
            "isBestMatch": true
        },
        {
            "agg_trade_id": 436422530,
            "price": "243.43000000",
            "quantity": "32.91500000",
            "first_trade_id": 821439125,
            "last_trade_id": 821439125,
            "timestamp": 1732039860540,
            "isBuyerMaker": true,
            "isBestMatch": true
        },
        {
            "agg_trade_id": 436422531,
            "price": "243.42000000",
            "quantity": "4.29000000",
            "first_trade_id": 821439126,
            "last_trade_id": 821439126,
            "timestamp": 1732039860540,
            "isBuyerMaker": true,
            "isBestMatch": true
        },
        {
            "agg_trade_id": 436422532,
            "price": "243.42000000",
            "quantity": "32.91500000",
            "first_trade_id": 821439127,
            "last_trade_id": 821439127,
            "timestamp": 1732039860540,
            "isBuyerMaker": true,
            "isBestMatch": true
        },
        {
            "agg_trade_id": 436422533,
            "price": "243.42000000",
            "quantity": "3.13600000",
            "first_trade_id": 821439128,
            "last_trade_id": 821439128,
            "timestamp": 1732039860540,
            "isBuyerMaker": true,
            "isBestMatch": true
        },
        {
            "agg_trade_id": 436422534,
            "price": "243.41000000",
            "quantity": "32.90300000",
            "first_trade_id": 821439129,
            "last_trade_id": 821439129,
            "timestamp": 1732039860541,
            "isBuyerMaker": true,
            "isBestMatch": true
        },
        {
            "agg_trade_id": 436422535,
            "price": "243.41000000",
            "quantity": "8.21500000",
            "first_trade_id": 821439130,
            "last_trade_id": 821439130,
            "timestamp": 1732039860543,
            "isBuyerMaker": true,
            "isBestMatch": true
        },
        {
            "agg_trade_id": 436422536,
            "price": "243.42000000",
            "quantity": "2.14100000",
            "first_trade_id": 821439131,
            "last_trade_id": 821439131,
            "timestamp": 1732039860937,
            "isBuyerMaker": false,
            "isBestMatch": true
        },
        {
            "agg_trade_id": 436422537,
            "price": "243.42000000",
            "quantity": "0.23700000",
            "first_trade_id": 821439132,
            "last_trade_id": 821439132,
            "timestamp": 1732039861131,
            "isBuyerMaker": false,
            "isBestMatch": true
        },
        {
            "agg_trade_id": 436422538,
            "price": "243.41000000",
            "quantity": "0.21000000",
            "first_trade_id": 821439133,
            "last_trade_id": 821439134,
            "timestamp": 1732039861948,
            "isBuyerMaker": true,
            "isBestMatch": true
        },
        {
            "agg_trade_id": 436422539,
            "price": "243.41000000",
            "quantity": "0.17400000",
            "first_trade_id": 821439135,
            "last_trade_id": 821439135,
            "timestamp": 1732039862170,
            "isBuyerMaker": true,
            "isBestMatch": true
        },
        {
            "agg_trade_id": 436422540,
            "price": "243.42000000",
            "quantity": "19.18900000",
            "first_trade_id": 821439136,
            "last_trade_id": 821439136,
            "timestamp": 1732039862414,
            "isBuyerMaker": false,
            "isBestMatch": true
        },
        {
            "agg_trade_id": 436422541,
            "price": "243.42000000",
            "quantity": "3.08700000",
            "first_trade_id": 821439137,
            "last_trade_id": 821439137,
            "timestamp": 1732039862435,
            "isBuyerMaker": false,
            "isBestMatch": true
        },
        {
            "agg_trade_id": 436422542,
            "price": "243.41000000",
            "quantity": "0.03400000",
            "first_trade_id": 821439138,
            "last_trade_id": 821439139,
            "timestamp": 1732039863332,
            "isBuyerMaker": true,
            "isBestMatch": true
        },
        {
            "agg_trade_id": 436422543,
            "price": "243.42000000",
            "quantity": "0.04000000",
            "first_trade_id": 821439140,
            "last_trade_id": 821439140,
            "timestamp": 1732039864469,
            "isBuyerMaker": false,
            "isBestMatch": true
        },
        {
            "agg_trade_id": 436422544,
            "price": "243.42000000",
            "quantity": "0.04200000",
            "first_trade_id": 821439141,
            "last_trade_id": 821439141,
            "timestamp": 1732039864587,
            "isBuyerMaker": false,
            "isBestMatch": true
        },
        {
            "agg_trade_id": 436422545,
            "price": "243.42000000",
            "quantity": "1.02000000",
            "first_trade_id": 821439142,
            "last_trade_id": 821439142,
            "timestamp": 1732039864825,
            "isBuyerMaker": false,
            "isBestMatch": true
        },
        {
            "agg_trade_id": 436422546,
            "price": "243.41000000",
            "quantity": "0.03600000",
            "first_trade_id": 821439143,
            "last_trade_id": 821439143,
            "timestamp": 1732039865049,
            "isBuyerMaker": true,
            "isBestMatch": true
        },
        {
            "agg_trade_id": 436422547,
            "price": "243.42000000",
            "quantity": "0.08200000",
            "first_trade_id": 821439144,
            "last_trade_id": 821439144,
            "timestamp": 1732039865140,
            "isBuyerMaker": false,
            "isBestMatch": true
        },
        {
            "agg_trade_id": 436422548,
            "price": "243.42000000",
            "quantity": "0.62000000",
            "first_trade_id": 821439145,
            "last_trade_id": 821439145,
            "timestamp": 1732039865177,
            "isBuyerMaker": false,
            "isBestMatch": true
        },
        {
            "agg_trade_id": 436422549,
            "price": "243.41000000",
            "quantity": "3.15600000",
            "first_trade_id": 821439146,
            "last_trade_id": 821439146,
            "timestamp": 1732039865723,
            "isBuyerMaker": true,
            "isBestMatch": true
        },
        {
            "agg_trade_id": 436422550,
            "price": "243.42000000",
            "quantity": "1.00000000",
            "first_trade_id": 821439147,
            "last_trade_id": 821439149,
            "timestamp": 1732039865780,
            "isBuyerMaker": false,
            "isBestMatch": true
        },
        {
            "agg_trade_id": 436422551,
            "price": "243.42000000",
            "quantity": "0.04300000",
            "first_trade_id": 821439150,
            "last_trade_id": 821439150,
            "timestamp": 1732039866043,
            "isBuyerMaker": false,
            "isBestMatch": true
        },
        {
            "agg_trade_id": 436422552,
            "price": "243.42000000",
            "quantity": "0.78800000",
            "first_trade_id": 821439151,
            "last_trade_id": 821439151,
            "timestamp": 1732039866556,
            "isBuyerMaker": false,
            "isBestMatch": true
        },
        {
            "agg_trade_id": 436422553,
            "price": "243.41000000",
            "quantity": "18.44300000",
            "first_trade_id": 821439152,
            "last_trade_id": 821439156,
            "timestamp": 1732039866777,
            "isBuyerMaker": true,
            "isBestMatch": true
        },
        {
            "agg_trade_id": 436422554,
            "price": "243.41000000",
            "quantity": "0.29600000",
            "first_trade_id": 821439157,
            "last_trade_id": 821439164,
            "timestamp": 1732039866782,
            "isBuyerMaker": true,
            "isBestMatch": true
        },
        {
            "agg_trade_id": 436422555,
            "price": "243.40000000",
            "quantity": "1.70400000",
            "first_trade_id": 821439165,
            "last_trade_id": 821439166,
            "timestamp": 1732039866782,
            "isBuyerMaker": true,
            "isBestMatch": true
        },
        {
            "agg_trade_id": 436422556,
            "price": "243.40000000",
            "quantity": "14.62500000",
            "first_trade_id": 821439167,
            "last_trade_id": 821439177,
            "timestamp": 1732039866785,
            "isBuyerMaker": true,
            "isBestMatch": true
        },
        {
            "agg_trade_id": 436422557,
            "price": "243.39000000",
            "quantity": "1.00000000",
            "first_trade_id": 821439178,
            "last_trade_id": 821439181,
            "timestamp": 1732039867171,
            "isBuyerMaker": true,
            "isBestMatch": true
        },
        {
            "agg_trade_id": 436422558,
            "price": "243.39000000",
            "quantity": "0.21600000",
            "first_trade_id": 821439182,
            "last_trade_id": 821439182,
            "timestamp": 1732039867224,
            "isBuyerMaker": true,
            "isBestMatch": true
        },
        {
            "agg_trade_id": 436422559,
            "price": "243.40000000",
            "quantity": "1.09700000",
            "first_trade_id": 821439183,
            "last_trade_id": 821439183,
            "timestamp": 1732039867224,
            "isBuyerMaker": false,
            "isBestMatch": true
        },
        {
            "agg_trade_id": 436422560,
            "price": "243.40000000",
            "quantity": "1.48000000",
            "first_trade_id": 821439184,
            "last_trade_id": 821439184,
            "timestamp": 1732039867468,
            "isBuyerMaker": false,
            "isBestMatch": true
        },
        {
            "agg_trade_id": 436422561,
            "price": "243.40000000",
            "quantity": "0.40600000",
            "first_trade_id": 821439185,
            "last_trade_id": 821439185,
            "timestamp": 1732039867513,
            "isBuyerMaker": false,
            "isBestMatch": true
        },
        {
            "agg_trade_id": 436422562,
            "price": "243.39000000",
            "quantity": "0.08300000",
            "first_trade_id": 821439186,
            "last_trade_id": 821439186,
            "timestamp": 1732039867889,
            "isBuyerMaker": true,
            "isBestMatch": true
        },
        {
            "agg_trade_id": 436422563,
            "price": "243.40000000",
            "quantity": "7.79800000",
            "first_trade_id": 821439187,
            "last_trade_id": 821439187,
            "timestamp": 1732039868031,
            "isBuyerMaker": false,
            "isBestMatch": true
        },
        {
            "agg_trade_id": 436422564,
            "price": "243.40000000",
            "quantity": "0.02100000",
            "first_trade_id": 821439188,
            "last_trade_id": 821439188,
            "timestamp": 1732039868134,
            "isBuyerMaker": false,
            "isBestMatch": true
        },
        {
            "agg_trade_id": 436422565,
            "price": "243.39000000",
            "quantity": "0.21600000",
            "first_trade_id": 821439189,
            "last_trade_id": 821439189,
            "timestamp": 1732039868652,
            "isBuyerMaker": true,
            "isBestMatch": true
        },
        {
            "agg_trade_id": 436422566,
            "price": "243.40000000",
            "quantity": "0.82100000",
            "first_trade_id": 821439190,
            "last_trade_id": 821439190,
            "timestamp": 1732039868702,
            "isBuyerMaker": false,
            "isBestMatch": true
        },
        {
            "agg_trade_id": 436422567,
            "price": "243.40000000",
            "quantity": "0.15500000",
            "first_trade_id": 821439191,
            "last_trade_id": 821439191,
            "timestamp": 1732039868940,
            "isBuyerMaker": false,
            "isBestMatch": true
        },
        {
            "agg_trade_id": 436422568,
            "price": "243.40000000",
            "quantity": "6.95900000",
            "first_trade_id": 821439192,
            "last_trade_id": 821439192,
            "timestamp": 1732039869200,
            "isBuyerMaker": false,
            "isBestMatch": true
        },
        {
            "agg_trade_id": 436422569,
            "price": "243.40000000",
            "quantity": "0.40600000",
            "first_trade_id": 821439193,
            "last_trade_id": 821439193,
            "timestamp": 1732039870160,
            "isBuyerMaker": false,
            "isBestMatch": true
        },
        {
            "agg_trade_id": 436422570,
            "price": "243.40000000",
            "quantity": "2.62700000",
            "first_trade_id": 821439194,
            "last_trade_id": 821439223,
            "timestamp": 1732039870697,
            "isBuyerMaker": false,
            "isBestMatch": true
        },
        {
            "agg_trade_id": 436422571,
            "price": "243.41000000",
            "quantity": "2.94200000",
            "first_trade_id": 821439224,
            "last_trade_id": 821439253,
            "timestamp": 1732039871497,
            "isBuyerMaker": false,
            "isBestMatch": true
        },
        {
            "agg_trade_id": 436422572,
            "price": "243.42000000",
            "quantity": "2.27700000",
            "first_trade_id": 821439254,
            "last_trade_id": 821439254,
            "timestamp": 1732039871584,
            "isBuyerMaker": false,
            "isBestMatch": true
        },
        {
            "agg_trade_id": 436422573,
            "price": "243.41000000",
            "quantity": "0.13900000",
            "first_trade_id": 821439255,
            "last_trade_id": 821439255,
            "timestamp": 1732039871584,
            "isBuyerMaker": true,
            "isBestMatch": true
        },
        {
            "agg_trade_id": 436422574,
            "price": "243.42000000",
            "quantity": "1.00000000",
            "first_trade_id": 821439256,
            "last_trade_id": 821439256,
            "timestamp": 1732039871716,
            "isBuyerMaker": false,
            "isBestMatch": true
        },
        {
            "agg_trade_id": 436422575,
            "price": "243.42000000",
            "quantity": "2.16900000",
            "first_trade_id": 821439257,
            "last_trade_id": 821439257,
            "timestamp": 1732039872006,
            "isBuyerMaker": false,
            "isBestMatch": true
        },
        {
            "agg_trade_id": 436422576,
            "price": "243.42000000",
            "quantity": "2.32300000",
            "first_trade_id": 821439258,
            "last_trade_id": 821439258,
            "timestamp": 1732039872126,
            "isBuyerMaker": false,
            "isBestMatch": true
        },
        {
            "agg_trade_id": 436422577,
            "price": "243.42000000",
            "quantity": "0.10000000",
            "first_trade_id": 821439259,
            "last_trade_id": 821439259,
            "timestamp": 1732039872224,
            "isBuyerMaker": false,
            "isBestMatch": true
        },
        {
            "agg_trade_id": 436422578,
            "price": "243.41000000",
            "quantity": "0.09900000",
            "first_trade_id": 821439260,
            "last_trade_id": 821439260,
            "timestamp": 1732039872429,
            "isBuyerMaker": true,
            "isBestMatch": true
        },
        {
            "agg_trade_id": 436422579,
            "price": "243.42000000",
            "quantity": "3.25000000",
            "first_trade_id": 821439261,
            "last_trade_id": 821439261,
            "timestamp": 1732039873104,
            "isBuyerMaker": false,
            "isBestMatch": true
        },
        {
            "agg_trade_id": 436422580,
            "price": "243.42000000",
            "quantity": "1.00000000",
            "first_trade_id": 821439262,
            "last_trade_id": 821439262,
            "timestamp": 1732039873586,
            "isBuyerMaker": false,
            "isBestMatch": true
        },
        {
            "agg_trade_id": 436422581,
            "price": "243.42000000",
            "quantity": "4.33700000",
            "first_trade_id": 821439263,
            "last_trade_id": 821439263,
            "timestamp": 1732039873593,
            "isBuyerMaker": false,
            "isBestMatch": true
        },
        {
            "agg_trade_id": 436422582,
            "price": "243.42000000",
            "quantity": "2.26000000",
            "first_trade_id": 821439264,
            "last_trade_id": 821439264,
            "timestamp": 1732039873594,
            "isBuyerMaker": false,
            "isBestMatch": true
        },
        {
            "agg_trade_id": 436422583,
            "price": "243.42000000",
            "quantity": "14.01600000",
            "first_trade_id": 821439265,
            "last_trade_id": 821439265,
            "timestamp": 1732039873594,
            "isBuyerMaker": false,
            "isBestMatch": true
        },
        {
            "agg_trade_id": 436422584,
            "price": "243.42000000",
            "quantity": "30.12000000",
            "first_trade_id": 821439266,
            "last_trade_id": 821439270,
            "timestamp": 1732039873594,
