{
    "data": [
        {
            "agg_trade_id": 15301150,
            "price": "5.49600000",
            "quantity": "0.18000000",
            "first_trade_id": 35868138,
            "last_trade_id": 35868138,
            "timestamp": 1732038809283,
            "isBuyerMaker": false,
            "isBestMatch": true
        },
        {
            "agg_trade_id": 15301151,
            "price": "5.49700000",
            "quantity": "0.78000000",
            "first_trade_id": 35868139,
            "last_trade_id": 35868139,
            "timestamp": 1732038809283,
            "isBuyerMaker": false,
            "isBestMatch": true
        },
        {
            "agg_trade_id": 15301152,
            "price": "5.49600000",
            "quantity": "127.23000000",
            "first_trade_id": 35868140,
            "last_trade_id": 35868141,
            "timestamp": 1732038815126,
            "isBuyerMaker": false,
            "isBestMatch": true
        },
        {
            "agg_trade_id": 15301153,
            "price": "5.49600000",
            "quantity": "284.28000000",
            "first_trade_id": 35868142,
            "last_trade_id": 35868143,
            "timestamp": 1732038815129,
            "isBuyerMaker": false,
            "isBestMatch": true
        },
        {
            "agg_trade_id": 15301154,
            "price": "5.49600000",
            "quantity": "512.64000000",
            "first_trade_id": 35868144,
            "last_trade_id": 35868149,
            "timestamp": 1732038815132,
            "isBuyerMaker": false,
            "isBestMatch": true
        },
        {
            "agg_trade_id": 15301155,
            "price": "5.49700000",
            "quantity": "94.91000000",
            "first_trade_id": 35868150,
            "last_trade_id": 35868150,
            "timestamp": 1732038815134,
            "isBuyerMaker": false,
            "isBestMatch": true
        },
        {
            "agg_trade_id": 15301156,
            "price": "5.49700000",
            "quantity": "94.28000000",
            "first_trade_id": 35868151,
            "last_trade_id": 35868151,
            "timestamp": 1732038815136,
            "isBuyerMaker": false,
            "isBestMatch": true
        },
        {
            "agg_trade_id": 15301157,
            "price": "5.49700000",
            "quantity": "94.97000000",
            "first_trade_id": 35868152,
            "last_trade_id": 35868154,
            "timestamp": 1732038815180,
            "isBuyerMaker": false,
            "isBestMatch": true
        },
        {
            "agg_trade_id": 15301158,
            "price": "5.49600000",
            "quantity": "6.76000000",
            "first_trade_id": 35868155,
            "last_trade_id": 35868155,
            "timestamp": 1732038815222,
            "isBuyerMaker": true,
            "isBestMatch": true
        },
        {
            "agg_trade_id": 15301159,
            "price": "5.49600000",
            "quantity": "164.12000000",
            "first_trade_id": 35868156,
            "last_trade_id": 35868156,
            "timestamp": 1732038821038,
            "isBuyerMaker": true,
            "isBestMatch": true
        },
        {
            "agg_trade_id": 15301160,
            "price": "5.49600000",
            "quantity": "259.10000000",
            "first_trade_id": 35868157,
            "last_trade_id": 35868157,
            "timestamp": 1732038821038,
            "isBuyerMaker": true,
            "isBestMatch": true
        },
        {
            "agg_trade_id": 15301161,
            "price": "5.49500000",
            "quantity": "101.70000000",
            "first_trade_id": 35868158,
            "last_trade_id": 35868161,
            "timestamp": 1732038821041,
            "isBuyerMaker": true,
            "isBestMatch": true
        },
        {
            "agg_trade_id": 15301162,
            "price": "5.49500000",
            "quantity": "101.70000000",
            "first_trade_id": 35868162,
            "last_trade_id": 35868162,
            "timestamp": 1732038821041,
            "isBuyerMaker": true,
            "isBestMatch": true
        },
        {
            "agg_trade_id": 15301163,
            "price": "5.49500000",
            "quantity": "101.70000000",
            "first_trade_id": 35868163,
            "last_trade_id": 35868164,
            "timestamp": 1732038821041,
            "isBuyerMaker": true,
            "isBestMatch": true
        },
        {
            "agg_trade_id": 15301164,
            "price": "5.49500000",
            "quantity": "101.70000000",
            "first_trade_id": 35868165,
            "last_trade_id": 35868165,
            "timestamp": 1732038821042,
            "isBuyerMaker": true,
            "isBestMatch": true
        },
        {
            "agg_trade_id": 15301165,
            "price": "5.49500000",
            "quantity": "5.92000000",
            "first_trade_id": 35868166,
            "last_trade_id": 35868166,
            "timestamp": 1732038821042,
            "isBuyerMaker": true,
            "isBestMatch": true
        },
        {
            "agg_trade_id": 15301166,
            "price": "5.49400000",
            "quantity": "95.78000000",
            "first_trade_id": 35868167,
            "last_trade_id": 35868172,
            "timestamp": 1732038821042,
            "isBuyerMaker": true,
            "isBestMatch": true
        },
        {
            "agg_trade_id": 15301167,
            "price": "5.49400000",
            "quantity": "101.70000000",
            "first_trade_id": 35868173,
            "last_trade_id": 35868174,
            "timestamp": 1732038821044,
            "isBuyerMaker": true,
            "isBestMatch": true
        },
        {
            "agg_trade_id": 15301168,
            "price": "5.49500000",
            "quantity": "1.10000000",
            "first_trade_id": 35868175,
            "last_trade_id": 35868175,
            "timestamp": 1732038822270,
            "isBuyerMaker": false,
            "isBestMatch": true
        },
        {
            "agg_trade_id": 15301169,
            "price": "5.49500000",
            "quantity": "1.56000000",
            "first_trade_id": 35868176,
            "last_trade_id": 35868176,
            "timestamp": 1732038826300,
            "isBuyerMaker": false,
            "isBestMatch": true
        },
        {
            "agg_trade_id": 15301170,
            "price": "5.49500000",
            "quantity": "1.83000000",
            "first_trade_id": 35868177,
            "last_trade_id": 35868177,
            "timestamp": 1732038835098,
            "isBuyerMaker": false,
            "isBestMatch": true
        },
        {
            "agg_trade_id": 15301171,
            "price": "5.49400000",
            "quantity": "1.61000000",
            "first_trade_id": 35868178,
            "last_trade_id": 35868178,
            "timestamp": 1732038837892,
            "isBuyerMaker": true,
            "isBestMatch": true
        },
        {
            "agg_trade_id": 15301172,
            "price": "5.49500000",
            "quantity": "3.65000000",
            "first_trade_id": 35868179,
            "last_trade_id": 35868179,
            "timestamp": 1732038841383,
            "isBuyerMaker": false,
            "isBestMatch": true
        },
        {
            "agg_trade_id": 15301173,
            "price": "5.49500000",
            "quantity": "0.91000000",
            "first_trade_id": 35868180,
            "last_trade_id": 35868180,
            "timestamp": 1732038842988,
            "isBuyerMaker": false,
            "isBestMatch": true
        },
        {
            "agg_trade_id": 15301174,
            "price": "5.49400000",
            "quantity": "8.00000000",
            "first_trade_id": 35868181,
            "last_trade_id": 35868181,
            "timestamp": 1732038845652,
            "isBuyerMaker": true,
            "isBestMatch": true
        },
        {
            "agg_trade_id": 15301175,
            "price": "5.49400000",
            "quantity": "364.03000000",
            "first_trade_id": 35868182,
            "last_trade_id": 35868184,
            "timestamp": 1732038845701,
            "isBuyerMaker": false,
            "isBestMatch": true
        },
        {
            "agg_trade_id": 15301176,
            "price": "5.49400000",
            "quantity": "211.69000000",
            "first_trade_id": 35868185,
            "last_trade_id": 35868186,
            "timestamp": 1732038846906,
            "isBuyerMaker": false,
            "isBestMatch": true
        },
        {
            "agg_trade_id": 15301177,
            "price": "5.49400000",
            "quantity": "5.99000000",
            "first_trade_id": 35868187,
            "last_trade_id": 35868187,
            "timestamp": 1732038849055,
            "isBuyerMaker": false,
            "isBestMatch": true
        },
        {
            "agg_trade_id": 15301178,
            "price": "5.49400000",
            "quantity": "29.90000000",
            "first_trade_id": 35868188,
            "last_trade_id": 35868188,
            "timestamp": 1732038856354,
            "isBuyerMaker": false,
            "isBestMatch": true
        },
        {
            "agg_trade_id": 15301179,
            "price": "5.49400000",
            "quantity": "10.00000000",
            "first_trade_id": 35868189,
            "last_trade_id": 35868189,
            "timestamp": 1732038856687,
            "isBuyerMaker": false,
            "isBestMatch": true
        },
        {
            "agg_trade_id": 15301180,
            "price": "5.49300000",
            "quantity": "4.86000000",
            "first_trade_id": 35868190,
            "last_trade_id": 35868190,
            "timestamp": 1732038856688,
            "isBuyerMaker": true,
            "isBestMatch": true
        },
        {
            "agg_trade_id": 15301181,
            "price": "5.49300000",
            "quantity": "154.18000000",
            "first_trade_id": 35868191,
            "last_trade_id": 35868207,
            "timestamp": 1732038859813,
            "isBuyerMaker": true,
            "isBestMatch": true
        },
        {
            "agg_trade_id": 15301182,
            "price": "5.49200000",
            "quantity": "47.90000000",
            "first_trade_id": 35868208,
            "last_trade_id": 35868217,
            "timestamp": 1732038859821,
            "isBuyerMaker": true,
            "isBestMatch": true
        },
        {
            "agg_trade_id": 15301183,
            "price": "5.49200000",
            "quantity": "47.90000000",
            "first_trade_id": 35868218,
            "last_trade_id": 35868221,
            "timestamp": 1732038859821,
            "isBuyerMaker": true,
            "isBestMatch": true
        },
        {
            "agg_trade_id": 15301184,
            "price": "5.49200000",
            "quantity": "47.90000000",
            "first_trade_id": 35868222,
            "last_trade_id": 35868222,
            "timestamp": 1732038859822,
            "isBuyerMaker": true,
            "isBestMatch": true
        },
        {
            "agg_trade_id": 15301185,
            "price": "5.49200000",
            "quantity": "47.90000000",
            "first_trade_id": 35868223,
            "last_trade_id": 35868224,
            "timestamp": 1732038859822,
            "isBuyerMaker": true,
            "isBestMatch": true
        },
        {
            "agg_trade_id": 15301186,
            "price": "5.49200000",
            "quantity": "5.15000000",
            "first_trade_id": 35868225,
            "last_trade_id": 35868225,
            "timestamp": 1732038859822,
            "isBuyerMaker": true,
            "isBestMatch": true
        },
        {
            "agg_trade_id": 15301187,
            "price": "5.49100000",
            "quantity": "42.75000000",
            "first_trade_id": 35868226,
            "last_trade_id": 35868228,
            "timestamp": 1732038859822,
            "isBuyerMaker": true,
            "isBestMatch": true
        },
        {
            "agg_trade_id": 15301188,
            "price": "5.49200000",
            "quantity": "83.76000000",
            "first_trade_id": 35868229,
            "last_trade_id": 35868229,
            "timestamp": 1732038859827,
            "isBuyerMaker": false,
            "isBestMatch": true
        },
        {
            "agg_trade_id": 15301189,
            "price": "5.49100000",
            "quantity": "47.90000000",
            "first_trade_id": 35868230,
            "last_trade_id": 35868237,
            "timestamp": 1732038859828,
            "isBuyerMaker": true,
            "isBestMatch": true
        },
        {
            "agg_trade_id": 15301190,
            "price": "5.49200000",
            "quantity": "4.72000000",
            "first_trade_id": 35868238,
            "last_trade_id": 35868238,
            "timestamp": 1732038859844,
            "isBuyerMaker": false,
            "isBestMatch": true
        },
        {
            "agg_trade_id": 15301191,
            "price": "5.49200000",
            "quantity": "2.36000000",
            "first_trade_id": 35868239,
            "last_trade_id": 35868239,
            "timestamp": 1732038859849,
            "isBuyerMaker": false,
            "isBestMatch": true
        },
        {
            "agg_trade_id": 15301192,
            "price": "5.49200000",
            "quantity": "4.91000000",
            "first_trade_id": 35868240,
            "last_trade_id": 35868240,
            "timestamp": 1732038859851,
            "isBuyerMaker": false,
            "isBestMatch": true
        },
        {
            "agg_trade_id": 15301193,
            "price": "5.49200000",
            "quantity": "4.72000000",
            "first_trade_id": 35868241,
            "last_trade_id": 35868241,
            "timestamp": 1732038859851,
            "isBuyerMaker": false,
            "isBestMatch": true
        },
        {
            "agg_trade_id": 15301194,
            "price": "5.49200000",
            "quantity": "4.91000000",
            "first_trade_id": 35868242,
            "last_trade_id": 35868242,
            "timestamp": 1732038859856,
            "isBuyerMaker": false,
            "isBestMatch": true
        },
        {
            "agg_trade_id": 15301195,
            "price": "5.49200000",
            "quantity": "2.36000000",
            "first_trade_id": 35868243,
            "last_trade_id": 35868243,
            "timestamp": 1732038859856,
            "isBuyerMaker": false,
            "isBestMatch": true
        },
        {
            "agg_trade_id": 15301196,
            "price": "5.49200000",
            "quantity": "2.36000000",
            "first_trade_id": 35868244,
            "last_trade_id": 35868244,
            "timestamp": 1732038859872,
            "isBuyerMaker": false,
            "isBestMatch": true
        },
        {
            "agg_trade_id": 15301197,
            "price": "5.49200000",
            "quantity": "1.82000000",
            "first_trade_id": 35868245,
            "last_trade_id": 35868245,
            "timestamp": 1732038860245,
            "isBuyerMaker": false,
            "isBestMatch": true
        },
        {
            "agg_trade_id": 15301198,
            "price": "5.49200000",
            "quantity": "136.44000000",
            "first_trade_id": 35868246,
            "last_trade_id": 35868246,
            "timestamp": 1732038862734,
            "isBuyerMaker": false,
            "isBestMatch": true
        },
        {
            "agg_trade_id": 15301199,
            "price": "5.49300000",
            "quantity": "3.51000000",
            "first_trade_id": 35868247,
            "last_trade_id": 35868247,
            "timestamp": 1732038863597,
            "isBuyerMaker": false,
            "isBestMatch": true
        },
        {
            "agg_trade_id": 15301200,
            "price": "5.49300000",
            "quantity": "103.17000000",
            "first_trade_id": 35868248,
            "last_trade_id": 35868249,
            "timestamp": 1732038864193,
            "isBuyerMaker": false,
            "isBestMatch": true
        },
        {
            "agg_trade_id": 15301201,
            "price": "5.49300000",
            "quantity": "50.00000000",
            "first_trade_id": 35868250,
            "last_trade_id": 35868250,
            "timestamp": 1732038864583,
            "isBuyerMaker": false,
            "isBestMatch": true
        },
        {
            "agg_trade_id": 15301202,
            "price": "5.49200000",
            "quantity": "54.53000000",
            "first_trade_id": 35868251,
            "last_trade_id": 35868251,
            "timestamp": 1732038869686,
            "isBuyerMaker": true,
            "isBestMatch": true
        },
        {
            "agg_trade_id": 15301203,
            "price": "5.49200000",
            "quantity": "1.51000000",
            "first_trade_id": 35868252,
            "last_trade_id": 35868252,
            "timestamp": 1732038873630,
            "isBuyerMaker": true,
            "isBestMatch": true
        },
        {
            "agg_trade_id": 15301204,
            "price": "5.49200000",
            "quantity": "6.21000000",
            "first_trade_id": 35868253,
            "last_trade_id": 35868253,
            "timestamp": 1732038877225,
            "isBuyerMaker": true,
            "isBestMatch": true
        },
        {
            "agg_trade_id": 15301205,
            "price": "5.49100000",
            "quantity": "6.83000000",
            "first_trade_id": 35868254,
            "last_trade_id": 35868254,
            "timestamp": 1732038879533,
            "isBuyerMaker": false,
            "isBestMatch": true
        },
        {
            "agg_trade_id": 15301206,
            "price": "5.49100000",
            "quantity": "234.02000000",
            "first_trade_id": 35868255,
            "last_trade_id": 35868256,
            "timestamp": 1732038881835,
            "isBuyerMaker": false,
            "isBestMatch": true
        },
        {
            "agg_trade_id": 15301207,
            "price": "5.49200000",
            "quantity": "10.31000000",
            "first_trade_id": 35868257,
            "last_trade_id": 35868257,
            "timestamp": 1732038884468,
            "isBuyerMaker": false,
            "isBestMatch": true
        },
        {
            "agg_trade_id": 15301208,
            "price": "5.49100000",
            "quantity": "283.44000000",
            "first_trade_id": 35868258,
            "last_trade_id": 35868260,
            "timestamp": 1732038884669,
            "isBuyerMaker": true,
            "isBestMatch": true
        },
        {
            "agg_trade_id": 15301209,
            "price": "5.49100000",
            "quantity": "95.03000000",
            "first_trade_id": 35868261,
            "last_trade_id": 35868262,
            "timestamp": 1732038884672,
            "isBuyerMaker": true,
            "isBestMatch": true
        },
        {
            "agg_trade_id": 15301210,
            "price": "5.49100000",
            "quantity": "0.96000000",
            "first_trade_id": 35868263,
            "last_trade_id": 35868263,
            "timestamp": 1732038888744,
            "isBuyerMaker": false,
            "isBestMatch": true
        },
        {
            "agg_trade_id": 15301211,
            "price": "5.49100000",
            "quantity": "0.96000000",
            "first_trade_id": 35868264,
            "last_trade_id": 35868264,
            "timestamp": 1732038888744,
            "isBuyerMaker": false,
            "isBestMatch": true
        },
        {
            "agg_trade_id": 15301212,
            "price": "5.49100000",
            "quantity": "0.08000000",
            "first_trade_id": 35868265,
            "last_trade_id": 35868265,
            "timestamp": 1732038888744,
            "isBuyerMaker": false,
            "isBestMatch": true
        },
        {
            "agg_trade_id": 15301213,
            "price": "5.49200000",
            "quantity": "0.88000000",
            "first_trade_id": 35868266,
            "last_trade_id": 35868266,
            "timestamp": 1732038888744,
            "isBuyerMaker": false,
            "isBestMatch": true
        },
        {
            "agg_trade_id": 15301214,
            "price": "5.49100000",
            "quantity": "1.27000000",
            "first_trade_id": 35868267,
            "last_trade_id": 35868267,
            "timestamp": 1732038894241,
            "isBuyerMaker": false,
            "isBestMatch": true
        },
        {
            "agg_trade_id": 15301215,
            "price": "5.49100000",
            "quantity": "20.54000000",
            "first_trade_id": 35868268,
            "last_trade_id": 35868268,
            "timestamp": 1732038896300,
            "isBuyerMaker": false,
            "isBestMatch": true
        },
        {
            "agg_trade_id": 15301216,
            "price": "5.49100000",
            "quantity": "1.14000000",
            "first_trade_id": 35868269,
            "last_trade_id": 35868269,
            "timestamp": 1732038898695,
            "isBuyerMaker": false,
            "isBestMatch": true
        },
        {
            "agg_trade_id": 15301217,
            "price": "5.49100000",
            "quantity": "18.20000000",
            "first_trade_id": 35868270,
            "last_trade_id": 35868270,
            "timestamp": 1732038901275,
            "isBuyerMaker": false,
            "isBestMatch": true
        },
        {
            "agg_trade_id": 15301218,
            "price": "5.49100000",
            "quantity": "1.00000000",
            "first_trade_id": 35868271,
            "last_trade_id": 35868271,
            "timestamp": 1732038905431,
            "isBuyerMaker": false,
            "isBestMatch": true
        },
        {
            "agg_trade_id": 15301219,
            "price": "5.49100000",
            "quantity": "3.34000000",
            "first_trade_id": 35868272,
            "last_trade_id": 35868273,
            "timestamp": 1732038906375,
            "isBuyerMaker": false,
            "isBestMatch": true
        },
        {
            "agg_trade_id": 15301220,
            "price": "5.49100000",
            "quantity": "9.25000000",
            "first_trade_id": 35868274,
            "last_trade_id": 35868275,
            "timestamp": 1732038908958,
            "isBuyerMaker": false,
            "isBestMatch": true
        },
        {
            "agg_trade_id": 15301221,
            "price": "5.49200000",
            "quantity": "10.95000000",
            "first_trade_id": 35868276,
            "last_trade_id": 35868276,
            "timestamp": 1732038910752,
            "isBuyerMaker": false,
            "isBestMatch": true
        },
        {
            "agg_trade_id": 15301222,
            "price": "5.49200000",
            "quantity": "6.81000000",
            "first_trade_id": 35868277,
            "last_trade_id": 35868277,
            "timestamp": 1732038911574,
            "isBuyerMaker": false,
            "isBestMatch": true
        },
        {
            "agg_trade_id": 15301223,
            "price": "5.49200000",
            "quantity": "18.20000000",
            "first_trade_id": 35868278,
            "last_trade_id": 35868278,
            "timestamp": 1732038912472,
            "isBuyerMaker": false,
            "isBestMatch": true
        },
        {
            "agg_trade_id": 15301224,
            "price": "5.49100000",
            "quantity": "2.22000000",
            "first_trade_id": 35868279,
            "last_trade_id": 35868279,
            "timestamp": 1732038913213,
            "isBuyerMaker": true,
            "isBestMatch": true
        },
        {
            "agg_trade_id": 15301225,
            "price": "5.49200000",
            "quantity": "2.98000000",
            "first_trade_id": 35868280,
            "last_trade_id": 35868280,
            "timestamp": 1732038914872,
            "isBuyerMaker": false,
            "isBestMatch": true
        },
        {
            "agg_trade_id": 15301226,
            "price": "5.49200000",
            "quantity": "15.39000000",
            "first_trade_id": 35868281,
            "last_trade_id": 35868281,
            "timestamp": 1732038915892,
            "isBuyerMaker": false,
            "isBestMatch": true
        },
        {
            "agg_trade_id": 15301227,
            "price": "5.49100000",
            "quantity": "4.68000000",
            "first_trade_id": 35868282,
            "last_trade_id": 35868282,
            "timestamp": 1732038917933,
            "isBuyerMaker": true,
            "isBestMatch": true
        },
        {
            "agg_trade_id": 15301228,
            "price": "5.49100000",
            "quantity": "56.74000000",
            "first_trade_id": 35868283,
            "last_trade_id": 35868283,
            "timestamp": 1732038918044,
            "isBuyerMaker": false,
            "isBestMatch": true
        },
        {
            "agg_trade_id": 15301229,
            "price": "5.49000000",
            "quantity": "3.24000000",
            "first_trade_id": 35868284,
            "last_trade_id": 35868284,
            "timestamp": 1732038918520,
            "isBuyerMaker": true,
            "isBestMatch": true
        },
        {
            "agg_trade_id": 15301230,
            "price": "5.49100000",
            "quantity": "98.69000000",
            "first_trade_id": 35868285,
            "last_trade_id": 35868285,
            "timestamp": 1732038920236,
            "isBuyerMaker": false,
            "isBestMatch": true
        },
        {
            "agg_trade_id": 15301231,
            "price": "5.49200000",
            "quantity": "25.50000000",
            "first_trade_id": 35868286,
            "last_trade_id": 35868286,
            "timestamp": 1732038920310,
            "isBuyerMaker": false,
            "isBestMatch": true
        },
        {
            "agg_trade_id": 15301232,
            "price": "5.49100000",
            "quantity": "11.44000000",
            "first_trade_id": 35868287,
            "last_trade_id": 35868287,
            "timestamp": 1732038920594,
            "isBuyerMaker": true,
            "isBestMatch": true
        },
        {
            "agg_trade_id": 15301233,
            "price": "5.49200000",
            "quantity": "1.50000000",
            "first_trade_id": 35868288,
            "last_trade_id": 35868288,
            "timestamp": 1732038921239,
            "isBuyerMaker": false,
            "isBestMatch": true
        },
        {
            "agg_trade_id": 15301234,
            "price": "5.49100000",
            "quantity": "8.45000000",
            "first_trade_id": 35868289,
            "last_trade_id": 35868289,
            "timestamp": 1732038922670,
            "isBuyerMaker": true,
            "isBestMatch": true
        },
        {
            "agg_trade_id": 15301235,
            "price": "5.49100000",
            "quantity": "5.17000000",
            "first_trade_id": 35868290,
            "last_trade_id": 35868290,
            "timestamp": 1732038922863,
            "isBuyerMaker": true,
            "isBestMatch": true
        },
        {
            "agg_trade_id": 15301236,
            "price": "5.49200000",
            "quantity": "276.36000000",
            "first_trade_id": 35868291,
            "last_trade_id": 35868294,
            "timestamp": 1732038923735,
            "isBuyerMaker": false,
            "isBestMatch": true
        },
        {
            "agg_trade_id": 15301237,
            "price": "5.49200000",
            "quantity": "2.00000000",
            "first_trade_id": 35868295,
            "last_trade_id": 35868295,
            "timestamp": 1732038924222,
            "isBuyerMaker": true,
            "isBestMatch": true
        },
        {
            "agg_trade_id": 15301238,
            "price": "5.49300000",
            "quantity": "136.42000000",
            "first_trade_id": 35868296,
            "last_trade_id": 35868296,
            "timestamp": 1732038924345,
            "isBuyerMaker": false,
            "isBestMatch": true
        },
        {
            "agg_trade_id": 15301239,
            "price": "5.49400000",
            "quantity": "7.57000000",
            "first_trade_id": 35868297,
            "last_trade_id": 35868297,
            "timestamp": 1732038924953,
            "isBuyerMaker": false,
            "isBestMatch": true
        },
        {
            "agg_trade_id": 15301240,
            "price": "5.49400000",
            "quantity": "136.39000000",
            "first_trade_id": 35868298,
            "last_trade_id": 35868298,
            "timestamp": 1732038926554,
            "isBuyerMaker": false,
            "isBestMatch": true
        },
        {
            "agg_trade_id": 15301241,
            "price": "5.49400000",
            "quantity": "85.30000000",
            "first_trade_id": 35868299,
            "last_trade_id": 35868299,
            "timestamp": 1732038928840,
            "isBuyerMaker": true,
            "isBestMatch": true
        },
        {
            "agg_trade_id": 15301242,
            "price": "5.49400000",
            "quantity": "6.20000000",
            "first_trade_id": 35868300,
            "last_trade_id": 35868300,
            "timestamp": 1732038930242,
            "isBuyerMaker": false,
            "isBestMatch": true
        },
        {
            "agg_trade_id": 15301243,
            "price": "5.49300000",
            "quantity": "14.48000000",
            "first_trade_id": 35868301,
            "last_trade_id": 35868303,
            "timestamp": 1732038931539,
            "isBuyerMaker": true,
            "isBestMatch": true
        },
        {
            "agg_trade_id": 15301244,
            "price": "5.49300000",
            "quantity": "14.12000000",
            "first_trade_id": 35868304,
            "last_trade_id": 35868304,
            "timestamp": 1732038931541,
            "isBuyerMaker": true,
            "isBestMatch": true
        },
        {
            "agg_trade_id": 15301245,
            "price": "5.49200000",
            "quantity": "0.96000000",
            "first_trade_id": 35868305,
            "last_trade_id": 35868305,
            "timestamp": 1732038933318,
            "isBuyerMaker": true,
            "isBestMatch": true
        },
        {
            "agg_trade_id": 15301246,
            "price": "5.49200000",
            "quantity": "0.96000000",
            "first_trade_id": 35868306,
            "last_trade_id": 35868306,
            "timestamp": 1732038933318,
            "isBuyerMaker": true,
            "isBestMatch": true
        },
        {
            "agg_trade_id": 15301247,
            "price": "5.49200000",
            "quantity": "0.86000000",
            "first_trade_id": 35868307,
            "last_trade_id": 35868307,
            "timestamp": 1732038933318,
            "isBuyerMaker": true,
            "isBestMatch": true
        },
        {
            "agg_trade_id": 15301248,
            "price": "5.49100000",
            "quantity": "0.10000000",
            "first_trade_id": 35868308,
            "last_trade_id": 35868308,
            "timestamp": 1732038933318,
            "isBuyerMaker": true,
            "isBestMatch": true
        },
        {
            "agg_trade_id": 15301249,
            "price": "5.49200000",
            "quantity": "31.76000000",
            "first_trade_id": 35868309,
            "last_trade_id": 35868309,
            "timestamp": 1732038934864,
            "isBuyerMaker": false,
            "isBestMatch": true
        },
        {
            "agg_trade_id": 15301250,
            "price": "5.49100000",
            "quantity": "95.04000000",
            "first_trade_id": 35868310,
            "last_trade_id": 35868310,
            "timestamp": 1732038935202,
            "isBuyerMaker": true,
            "isBestMatch": true
        },
        {
            "agg_trade_id": 15301251,
            "price": "5.49100000",
            "quantity": "2.15000000",
            "first_trade_id": 35868311,
            "last_trade_id": 35868311,
            "timestamp": 1732038935529,
            "isBuyerMaker": true,
            "isBestMatch": true
        },
        {
            "agg_trade_id": 15301252,
            "price": "5.49200000",
            "quantity": "1.27000000",
            "first_trade_id": 35868312,
            "last_trade_id": 35868312,
            "timestamp": 1732038936671,
            "isBuyerMaker": false,
            "isBestMatch": true
        },
        {
            "agg_trade_id": 15301253,
            "price": "5.49200000",
            "quantity": "6.29000000",
            "first_trade_id": 35868313,
            "last_trade_id": 35868313,
            "timestamp": 1732038942801,
            "isBuyerMaker": true,
            "isBestMatch": true
        },
        {
            "agg_trade_id": 15301254,
            "price": "5.49300000",
            "quantity": "99.88000000",
            "first_trade_id": 35868314,
            "last_trade_id": 35868316,
            "timestamp": 1732038944178,
            "isBuyerMaker": false,
            "isBestMatch": true
        },
        {
            "agg_trade_id": 15301255,
            "price": "5.49300000",
            "quantity": "2.21000000",
            "first_trade_id": 35868317,
            "last_trade_id": 35868317,
            "timestamp": 1732038946811,
            "isBuyerMaker": false,
            "isBestMatch": true
        },
        {
            "agg_trade_id": 15301256,
            "price": "5.49200000",
            "quantity": "6.31000000",
            "first_trade_id": 35868318,
            "last_trade_id": 35868318,
            "timestamp": 1732038947281,
            "isBuyerMaker": true,
            "isBestMatch": true
        },
        {
            "agg_trade_id": 15301257,
            "price": "5.49300000",
            "quantity": "0.91000000",
            "first_trade_id": 35868319,
            "last_trade_id": 35868319,
            "timestamp": 1732038947540,
            "isBuyerMaker": false,
            "isBestMatch": true
        },
        {
            "agg_trade_id": 15301258,
            "price": "5.49200000",
            "quantity": "17.92000000",
            "first_trade_id": 35868320,
            "last_trade_id": 35868321,
            "timestamp": 1732038948649,
            "isBuyerMaker": true,
            "isBestMatch": true
        },
        {
            "agg_trade_id": 15301259,
            "price": "5.49300000",
            "quantity": "49.04000000",
            "first_trade_id": 35868322,
            "last_trade_id": 35868322,
            "timestamp": 1732038950983,
            "isBuyerMaker": false,
            "isBestMatch": true
        },
        {
            "agg_trade_id": 15301260,
            "price": "5.49200000",
            "quantity": "6.58000000",
            "first_trade_id": 35868323,
            "last_trade_id": 35868323,
            "timestamp": 1732038951406,
            "isBuyerMaker": true,
            "isBestMatch": true
        },
        {
            "agg_trade_id": 15301261,
            "price": "5.49300000",
            "quantity": "2.04000000",
            "first_trade_id": 35868324,
            "last_trade_id": 35868324,
            "timestamp": 1732038951872,
            "isBuyerMaker": false,
            "isBestMatch": true
        },
        {
            "agg_trade_id": 15301262,
            "price": "5.49300000",
            "quantity": "1.11000000",
            "first_trade_id": 35868325,
            "last_trade_id": 35868325,
            "timestamp": 1732038951987,
            "isBuyerMaker": false,
            "isBestMatch": true
        },
        {
            "agg_trade_id": 15301263,
            "price": "5.49200000",
            "quantity": "3.90000000",
            "first_trade_id": 35868326,
            "last_trade_id": 35868326,
            "timestamp": 1732038952131,
            "isBuyerMaker": true,
            "isBestMatch": true
        },
        {
            "agg_trade_id": 15301264,
            "price": "5.49300000",
            "quantity": "133.27000000",
            "first_trade_id": 35868327,
            "last_trade_id": 35868327,
            "timestamp": 1732038952546,
            "isBuyerMaker": false,
            "isBestMatch": true
        },
        {
            "agg_trade_id": 15301265,
            "price": "5.49400000",
            "quantity": "2.18000000",
            "first_trade_id": 35868328,
            "last_trade_id": 35868328,
            "timestamp": 1732038954040,
            "isBuyerMaker": false,
            "isBestMatch": true
        },
        {
            "agg_trade_id": 15301266,
            "price": "5.49400000",
            "quantity": "4.55000000",
            "first_trade_id": 35868329,
            "last_trade_id": 35868329,
            "timestamp": 1732038955622,
            "isBuyerMaker": false,
            "isBestMatch": true
        },
        {
            "agg_trade_id": 15301267,
            "price": "5.49300000",
            "quantity": "55.66000000",
            "first_trade_id": 35868330,
            "last_trade_id": 35868331,
            "timestamp": 1732038956072,
            "isBuyerMaker": true,
            "isBestMatch": true
        },
        {
            "agg_trade_id": 15301268,
            "price": "5.49400000",
            "quantity": "1047.95000000",
            "first_trade_id": 35868332,
            "last_trade_id": 35868338,
            "timestamp": 1732038956281,
            "isBuyerMaker": false,
            "isBestMatch": true
        },
        {
            "agg_trade_id": 15301269,
            "price": "5.49500000",
            "quantity": "100.00000000",
            "first_trade_id": 35868339,
            "last_trade_id": 35868339,
            "timestamp": 1732038956282,
            "isBuyerMaker": false,
            "isBestMatch": true
        },
        {
            "agg_trade_id": 15301270,
            "price": "5.49500000",
            "quantity": "200.00000000",
            "first_trade_id": 35868340,
            "last_trade_id": 35868342,
            "timestamp": 1732038956282,
            "isBuyerMaker": false,
            "isBestMatch": true
        },
        {
            "agg_trade_id": 15301271,
            "price": "5.49500000",
            "quantity": "930.86000000",
            "first_trade_id": 35868343,
            "last_trade_id": 35868349,
            "timestamp": 1732038956282,
            "isBuyerMaker": false,
            "isBestMatch": true
        },
        {
            "agg_trade_id": 15301272,
            "price": "5.49500000",
            "quantity": "91.00000000",
            "first_trade_id": 35868350,
            "last_trade_id": 35868350,
            "timestamp": 1732038956284,
            "isBuyerMaker": false,
            "isBestMatch": true
        },
        {
            "agg_trade_id": 15301273,
            "price": "5.49600000",
            "quantity": "220.91000000",
            "first_trade_id": 35868351,
            "last_trade_id": 35868354,
            "timestamp": 1732038956285,
            "isBuyerMaker": false,
            "isBestMatch": true
        },
        {
            "agg_trade_id": 15301274,
            "price": "5.49700000",
            "quantity": "18.18000000",
            "first_trade_id": 35868355,
            "last_trade_id": 35868356,
            "timestamp": 1732038956791,
            "isBuyerMaker": true,
            "isBestMatch": true
        },
        {
            "agg_trade_id": 15301275,
            "price": "5.49600000",
            "quantity": "9.43000000",
            "first_trade_id": 35868357,
            "last_trade_id": 35868358,
            "timestamp": 1732038962231,
            "isBuyerMaker": true,
            "isBestMatch": true
        },
        {
            "agg_trade_id": 15301276,
            "price": "5.49600000",
            "quantity": "5.45000000",
            "first_trade_id": 35868359,
            "last_trade_id": 35868359,
            "timestamp": 1732038964269,
            "isBuyerMaker": false,
            "isBestMatch": true
        },
        {
            "agg_trade_id": 15301277,
            "price": "5.49600000",
            "quantity": "0.96000000",
            "first_trade_id": 35868360,
            "last_trade_id": 35868360,
            "timestamp": 1732038974355,
            "isBuyerMaker": false,
            "isBestMatch": true
        },
        {
            "agg_trade_id": 15301278,
            "price": "5.49600000",
            "quantity": "0.96000000",
            "first_trade_id": 35868361,
            "last_trade_id": 35868361,
            "timestamp": 1732038974355,
            "isBuyerMaker": false,
            "isBestMatch": true
        },
        {
            "agg_trade_id": 15301279,
            "price": "5.49600000",
            "quantity": "0.81000000",
            "first_trade_id": 35868362,
            "last_trade_id": 35868362,
            "timestamp": 1732038974355,
            "isBuyerMaker": false,
            "isBestMatch": true
        },
        {
            "agg_trade_id": 15301280,
            "price": "5.49700000",
            "quantity": "0.15000000",
            "first_trade_id": 35868363,
            "last_trade_id": 35868363,
            "timestamp": 1732038974355,
            "isBuyerMaker": false,
            "isBestMatch": true
        },
        {
            "agg_trade_id": 15301281,
            "price": "5.49700000",
            "quantity": "5.08000000",
            "first_trade_id": 35868364,
            "last_trade_id": 35868364,
            "timestamp": 1732038976688,
            "isBuyerMaker": false,
            "isBestMatch": true
        },
        {
            "agg_trade_id": 15301282,
            "price": "5.49700000",
            "quantity": "1.00000000",
            "first_trade_id": 35868365,
            "last_trade_id": 35868365,
            "timestamp": 1732038977456,
            "isBuyerMaker": false,
            "isBestMatch": true
        },
        {
            "agg_trade_id": 15301283,
            "price": "5.49600000",
            "quantity": "0.96000000",
            "first_trade_id": 35868366,
            "last_trade_id": 35868366,
            "timestamp": 1732038984675,
            "isBuyerMaker": true,
            "isBestMatch": true
        },
        {
            "agg_trade_id": 15301284,
            "price": "5.49600000",
            "quantity": "0.96000000",
            "first_trade_id": 35868367,
            "last_trade_id": 35868368,
            "timestamp": 1732038984675,
            "isBuyerMaker": true,
            "isBestMatch": true
        },
        {
            "agg_trade_id": 15301285,
            "price": "5.49600000",
            "quantity": "0.96000000",
            "first_trade_id": 35868369,
            "last_trade_id": 35868369,
            "timestamp": 1732038984675,
            "isBuyerMaker": true,
            "isBestMatch": true
        },
        {
            "agg_trade_id": 15301286,
            "price": "5.49600000",
            "quantity": "0.13000000",
            "first_trade_id": 35868370,
            "last_trade_id": 35868370,
            "timestamp": 1732038984675,
            "isBuyerMaker": true,
            "isBestMatch": true
        },
        {
            "agg_trade_id": 15301287,
            "price": "5.49500000",
            "quantity": "0.83000000",
            "first_trade_id": 35868371,
            "last_trade_id": 35868371,
            "timestamp": 1732038984675,
            "isBuyerMaker": true,
            "isBestMatch": true
        },
        {
            "agg_trade_id": 15301288,
            "price": "5.49600000",
            "quantity": "33.28000000",
            "first_trade_id": 35868372,
            "last_trade_id": 35868372,
            "timestamp": 1732038985448,
            "isBuyerMaker": false,
            "isBestMatch": true
        },
        {
            "agg_trade_id": 15301289,
            "price": "5.49600000",
            "quantity": "11.46000000",
            "first_trade_id": 35868373,
            "last_trade_id": 35868373,
            "timestamp": 1732038985921,
            "isBuyerMaker": false,
            "isBestMatch": true
        },
        {
            "agg_trade_id": 15301290,
            "price": "5.49600000",
            "quantity": "1.01000000",
            "first_trade_id": 35868374,
            "last_trade_id": 35868374,
            "timestamp": 1732038990729,
            "isBuyerMaker": false,
            "isBestMatch": true
        },
        {
            "agg_trade_id": 15301291,
            "price": "5.49500000",
            "quantity": "18.19000000",
            "first_trade_id": 35868375,
            "last_trade_id": 35868376,
            "timestamp": 1732038991651,
            "isBuyerMaker": true,
            "isBestMatch": true
        },
        {
            "agg_trade_id": 15301292,
            "price": "5.49600000",
            "quantity": "7.27000000",
            "first_trade_id": 35868377,
            "last_trade_id": 35868377,
            "timestamp": 1732038992325,
            "isBuyerMaker": false,
            "isBestMatch": true
        },
        {
            "agg_trade_id": 15301293,
            "price": "5.49600000",
            "quantity": "5.19000000",
            "first_trade_id": 35868378,
            "last_trade_id": 35868379,
            "timestamp": 1732038995833,
            "isBuyerMaker": false,
            "isBestMatch": true
        },
        {
            "agg_trade_id": 15301294,
            "price": "5.49700000",
            "quantity": "3.07000000",
            "first_trade_id": 35868380,
            "last_trade_id": 35868380,
            "timestamp": 1732039001753,
            "isBuyerMaker": false,
            "isBestMatch": true
        },
        {
            "agg_trade_id": 15301295,
            "price": "5.49700000",
            "quantity": "4.34000000",
            "first_trade_id": 35868381,
            "last_trade_id": 35868381,
            "timestamp": 1732039002738,
            "isBuyerMaker": false,
            "isBestMatch": true
        },
        {
            "agg_trade_id": 15301296,
            "price": "5.49700000",
            "quantity": "9.09000000",
            "first_trade_id": 35868382,
            "last_trade_id": 35868382,
            "timestamp": 1732039004157,
            "isBuyerMaker": false,
            "isBestMatch": true
        },
        {
            "agg_trade_id": 15301297,
            "price": "5.49700000",
            "quantity": "294.80000000",
            "first_trade_id": 35868383,
            "last_trade_id": 35868384,
            "timestamp": 1732039010128,
            "isBuyerMaker": false,
            "isBestMatch": true
        },
        {
            "agg_trade_id": 15301298,
            "price": "5.49700000",
            "quantity": "435.30000000",
            "first_trade_id": 35868385,
            "last_trade_id": 35868385,
            "timestamp": 1732039010131,
            "isBuyerMaker": false,
            "isBestMatch": true
        },
        {
            "agg_trade_id": 15301299,
            "price": "5.49700000",
            "quantity": "417.93000000",
            "first_trade_id": 35868386,
            "last_trade_id": 35868386,
            "timestamp": 1732039010134,
            "isBuyerMaker": false,
            "isBestMatch": true
        },
        {
            "agg_trade_id": 15301300,
            "price": "5.49700000",
            "quantity": "570.00000000",
            "first_trade_id": 35868387,
            "last_trade_id": 35868387,
            "timestamp": 1732039010134,
            "isBuyerMaker": false,
            "isBestMatch": true
        },
        {
            "agg_trade_id": 15301301,
            "price": "5.49700000",
            "quantity": "1270.18000000",
            "first_trade_id": 35868388,
            "last_trade_id": 35868388,
            "timestamp": 1732039010134,
            "isBuyerMaker": false,
            "isBestMatch": true
        },
        {
            "agg_trade_id": 15301302,
            "price": "5.49700000",
            "quantity": "84.00000000",
            "first_trade_id": 35868389,
            "last_trade_id": 35868389,
            "timestamp": 1732039010136,
            "isBuyerMaker": false,
            "isBestMatch": true
        },
        {
            "agg_trade_id": 15301303,
            "price": "5.49700000",
            "quantity": "20.70000000",
            "first_trade_id": 35868390,
            "last_trade_id": 35868390,
            "timestamp": 1732039010136,
            "isBuyerMaker": false,
            "isBestMatch": true
        },
        {
            "agg_trade_id": 15301304,
            "price": "5.49700000",
            "quantity": "11.00000000",
            "first_trade_id": 35868391,
            "last_trade_id": 35868391,
            "timestamp": 1732039010136,
            "isBuyerMaker": false,
            "isBestMatch": true
        },
        {
            "agg_trade_id": 15301305,
            "price": "5.49700000",
            "quantity": "327.69000000",
            "first_trade_id": 35868392,
            "last_trade_id": 35868392,
            "timestamp": 1732039010137,
            "isBuyerMaker": false,
            "isBestMatch": true
        },
        {
            "agg_trade_id": 15301306,
            "price": "5.49700000",
            "quantity": "7.10000000",
            "first_trade_id": 35868393,
            "last_trade_id": 35868393,
            "timestamp": 1732039010333,
            "isBuyerMaker": true,
            "isBestMatch": true
        },
        {
            "agg_trade_id": 15301307,
            "price": "5.49700000",
            "quantity": "2143.98000000",
            "first_trade_id": 35868394,
            "last_trade_id": 35868407,
            "timestamp": 1732039013149,
            "isBuyerMaker": true,
            "isBestMatch": true
        },
        {
            "agg_trade_id": 15301308,
            "price": "5.49800000",
            "quantity": "139.31000000",
            "first_trade_id": 35868408,
            "last_trade_id": 35868410,
            "timestamp": 1732039014587,
            "isBuyerMaker": false,
            "isBestMatch": true
        },
        {
            "agg_trade_id": 15301309,
            "price": "5.49900000",
            "quantity": "2.01000000",
            "first_trade_id": 35868411,
            "last_trade_id": 35868411,
            "timestamp": 1732039020102,
            "isBuyerMaker": false,
            "isBestMatch": true
        },
        {
            "agg_trade_id": 15301310,
            "price": "5.50000000",
            "quantity": "2.12000000",
            "first_trade_id": 35868412,
            "last_trade_id": 35868412,
            "timestamp": 1732039029777,
            "isBuyerMaker": false,
            "isBestMatch": true
        },
        {
            "agg_trade_id": 15301311,
            "price": "5.49900000",
            "quantity": "8.48000000",
            "first_trade_id": 35868413,
            "last_trade_id": 35868413,
            "timestamp": 1732039030088,
            "isBuyerMaker": true,
            "isBestMatch": true
        },
        {
            "agg_trade_id": 15301312,
            "price": "5.50000000",
            "quantity": "9.43000000",
            "first_trade_id": 35868414,
            "last_trade_id": 35868414,
            "timestamp": 1732039030855,
            "isBuyerMaker": false,
            "isBestMatch": true
        },
        {
            "agg_trade_id": 15301313,
            "price": "5.50000000",
            "quantity": "2.59000000",
            "first_trade_id": 35868415,
            "last_trade_id": 35868415,
            "timestamp": 1732039031994,
            "isBuyerMaker": false,
            "isBestMatch": true
        },
        {
            "agg_trade_id": 15301314,
            "price": "5.49900000",
            "quantity": "1110.95000000",
            "first_trade_id": 35868416,
            "last_trade_id": 35868422,
            "timestamp": 1732039032327,
            "isBuyerMaker": true,
            "isBestMatch": true
        },
        {
            "agg_trade_id": 15301315,
            "price": "5.49900000",
            "quantity": "0.91000000",
            "first_trade_id": 35868423,
            "last_trade_id": 35868423,
            "timestamp": 1732039032662,
            "isBuyerMaker": true,
            "isBestMatch": true
        },
        {
            "agg_trade_id": 15301316,
            "price": "5.49900000",
            "quantity": "146.38000000",
            "first_trade_id": 35868424,
            "last_trade_id": 35868426,
            "timestamp": 1732039037004,
            "isBuyerMaker": true,
            "isBestMatch": true
        },
        {
            "agg_trade_id": 15301317,
            "price": "5.49900000",
            "quantity": "0.92000000",
            "first_trade_id": 35868427,
            "last_trade_id": 35868427,
            "timestamp": 1732039039031,
            "isBuyerMaker": false,
            "isBestMatch": true
        },
        {
            "agg_trade_id": 15301318,
            "price": "5.49900000",
            "quantity": "54.55000000",
            "first_trade_id": 35868428,
            "last_trade_id": 35868428,
            "timestamp": 1732039042882,
            "isBuyerMaker": false,
            "isBestMatch": true
        },
        {
            "agg_trade_id": 15301319,
            "price": "5.49900000",
            "quantity": "90.90000000",
            "first_trade_id": 35868429,
            "last_trade_id": 35868429,
            "timestamp": 1732039052196,
            "isBuyerMaker": false,
            "isBestMatch": true
        },
        {
            "agg_trade_id": 15301320,
            "price": "5.49900000",
            "quantity": "28.45000000",
            "first_trade_id": 35868430,
            "last_trade_id": 35868430,
            "timestamp": 1732039053037,
            "isBuyerMaker": false,
            "isBestMatch": true
        },
        {
            "agg_trade_id": 15301321,
            "price": "5.49900000",
            "quantity": "1.51000000",
            "first_trade_id": 35868431,
            "last_trade_id": 35868431,
            "timestamp": 1732039053131,
            "isBuyerMaker": false,
            "isBestMatch": true
        },
        {
            "agg_trade_id": 15301322,
            "price": "5.49900000",
            "quantity": "1.81000000",
            "first_trade_id": 35868432,
            "last_trade_id": 35868432,
            "timestamp": 1732039053434,
            "isBuyerMaker": false,
            "isBestMatch": true
        },
        {
            "agg_trade_id": 15301323,
            "price": "5.49800000",
            "quantity": "7.22000000",
            "first_trade_id": 35868433,
            "last_trade_id": 35868433,
            "timestamp": 1732039056236,
            "isBuyerMaker": true,
            "isBestMatch": true
        },
        {
            "agg_trade_id": 15301324,
            "price": "5.49900000",
            "quantity": "8.89000000",
            "first_trade_id": 35868434,
            "last_trade_id": 35868435,
            "timestamp": 1732039060333,
            "isBuyerMaker": false,
            "isBestMatch": true
        },
        {
            "agg_trade_id": 15301325,
            "price": "5.49900000",
            "quantity": "2.00000000",
            "first_trade_id": 35868436,
            "last_trade_id": 35868436,
            "timestamp": 1732039064218,
            "isBuyerMaker": true,
            "isBestMatch": true
        },
        {
            "agg_trade_id": 15301326,
            "price": "5.49900000",
            "quantity": "6.75000000",
            "first_trade_id": 35868437,
            "last_trade_id": 35868437,
            "timestamp": 1732039065767,
            "isBuyerMaker": false,
            "isBestMatch": true
        },
        {
            "agg_trade_id": 15301327,
            "price": "5.50000000",
            "quantity": "3.63000000",
            "first_trade_id": 35868438,
            "last_trade_id": 35868438,
            "timestamp": 1732039074067,
            "isBuyerMaker": false,
            "isBestMatch": true
        },
        {
            "agg_trade_id": 15301328,
            "price": "5.49900000",
            "quantity": "6.42000000",
            "first_trade_id": 35868439,
            "last_trade_id": 35868439,
            "timestamp": 1732039075122,
            "isBuyerMaker": true,
            "isBestMatch": true
        },
        {
            "agg_trade_id": 15301329,
            "price": "5.49900000",
            "quantity": "3.41000000",
            "first_trade_id": 35868440,
            "last_trade_id": 35868440,
            "timestamp": 1732039075510,
            "isBuyerMaker": true,
            "isBestMatch": true
        },
        {
            "agg_trade_id": 15301330,
            "price": "5.49900000",
            "quantity": "17.61000000",
            "first_trade_id": 35868441,
            "last_trade_id": 35868441,
            "timestamp": 1732039077111,
            "isBuyerMaker": true,
            "isBestMatch": true
        },
        {
            "agg_trade_id": 15301331,
            "price": "5.50000000",
            "quantity": "54.54000000",
            "first_trade_id": 35868442,
            "last_trade_id": 35868442,
            "timestamp": 1732039078740,
            "isBuyerMaker": false,
            "isBestMatch": true
        },
        {
            "agg_trade_id": 15301332,
            "price": "5.50000000",
            "quantity": "13.27000000",
            "first_trade_id": 35868443,
            "last_trade_id": 35868443,
            "timestamp": 1732039081831,
            "isBuyerMaker": false,
            "isBestMatch": true
        },
        {
            "agg_trade_id": 15301333,
            "price": "5.50000000",
            "quantity": "1.64000000",
            "first_trade_id": 35868444,
            "last_trade_id": 35868444,
            "timestamp": 1732039089621,
            "isBuyerMaker": false,
            "isBestMatch": true
        },
        {
            "agg_trade_id": 15301334,
            "price": "5.49900000",
            "quantity": "187.73000000",
            "first_trade_id": 35868445,
            "last_trade_id": 35868446,
            "timestamp": 1732039090772,
            "isBuyerMaker": true,
            "isBestMatch": true
        },
        {
            "agg_trade_id": 15301335,
            "price": "5.49900000",
            "quantity": "119.91000000",
            "first_trade_id": 35868447,
            "last_trade_id": 35868448,
            "timestamp": 1732039091620,
            "isBuyerMaker": false,
            "isBestMatch": true
        },
        {
            "agg_trade_id": 15301336,
            "price": "5.49900000",
            "quantity": "3.10000000",
            "first_trade_id": 35868449,
            "last_trade_id": 35868449,
            "timestamp": 1732039091823,
            "isBuyerMaker": false,
            "isBestMatch": true
        },
        {
            "agg_trade_id": 15301337,
            "price": "5.49800000",
            "quantity": "4.64000000",
            "first_trade_id": 35868450,
            "last_trade_id": 35868450,
            "timestamp": 1732039096887,
            "isBuyerMaker": true,
            "isBestMatch": true
        },
        {
            "agg_trade_id": 15301338,
            "price": "5.49900000",
            "quantity": "3.22000000",
            "first_trade_id": 35868451,
            "last_trade_id": 35868451,
            "timestamp": 1732039096888,
            "isBuyerMaker": false,
            "isBestMatch": true
        },
        {
            "agg_trade_id": 15301339,
            "price": "5.49800000",
            "quantity": "4.30000000",
            "first_trade_id": 35868452,
            "last_trade_id": 35868452,
            "timestamp": 1732039098682,
            "isBuyerMaker": true,
            "isBestMatch": true
        },
        {
            "agg_trade_id": 15301340,
            "price": "5.49900000",
            "quantity": "1.75000000",
            "first_trade_id": 35868453,
            "last_trade_id": 35868453,
            "timestamp": 1732039102471,
            "isBuyerMaker": false,
            "isBestMatch": true
        },
        {
            "agg_trade_id": 15301341,
            "price": "5.49900000",
            "quantity": "3.43000000",
            "first_trade_id": 35868454,
            "last_trade_id": 35868454,
            "timestamp": 1732039102622,
            "isBuyerMaker": false,
            "isBestMatch": true
        },
        {
            "agg_trade_id": 15301342,
            "price": "5.49900000",
            "quantity": "1.16000000",
            "first_trade_id": 35868455,
            "last_trade_id": 35868455,
            "timestamp": 1732039102689,
            "isBuyerMaker": false,
            "isBestMatch": true
        },
        {
            "agg_trade_id": 15301343,
            "price": "5.49900000",
            "quantity": "4.54000000",
            "first_trade_id": 35868456,
            "last_trade_id": 35868456,
            "timestamp": 1732039104630,
            "isBuyerMaker": false,
            "isBestMatch": true
        },
        {
            "agg_trade_id": 15301344,
            "price": "5.49900000",
            "quantity": "29.61000000",
            "first_trade_id": 35868457,
            "last_trade_id": 35868457,
            "timestamp": 1732039106163,
            "isBuyerMaker": false,
            "isBestMatch": true
        },
        {
            "agg_trade_id": 15301345,
            "price": "5.49800000",
            "quantity": "5.75000000",
            "first_trade_id": 35868458,
            "last_trade_id": 35868458,
            "timestamp": 1732039106351,
            "isBuyerMaker": true,
            "isBestMatch": true
        },
        {
            "agg_trade_id": 15301346,
            "price": "5.49800000",
            "quantity": "363.90000000",
            "first_trade_id": 35868459,
            "last_trade_id": 35868462,
            "timestamp": 1732039113504,
            "isBuyerMaker": true,
            "isBestMatch": true
        },
        {
            "agg_trade_id": 15301347,
            "price": "5.49800000",
            "quantity": "13.66000000",
            "first_trade_id": 35868463,
            "last_trade_id": 35868463,
            "timestamp": 1732039113507,
            "isBuyerMaker": true,
            "isBestMatch": true
        },
        {
            "agg_trade_id": 15301348,
            "price": "5.49800000",
            "quantity": "45.91000000",
            "first_trade_id": 35868464,
            "last_trade_id": 35868464,
            "timestamp": 1732039113508,
            "isBuyerMaker": true,
            "isBestMatch": true
        },
        {
            "agg_trade_id": 15301349,
            "price": "5.49800000",
            "quantity": "661.99000000",
            "first_trade_id": 35868465,
            "last_trade_id": 35868466,
            "timestamp": 1732039113514,
            "isBuyerMaker": true,
            "isBestMatch": true
        },
        {
            "agg_trade_id": 15301350,
            "price": "5.49700000",
            "quantity": "17.56000000",
            "first_trade_id": 35868467,
            "last_trade_id": 35868468,
            "timestamp": 1732039117274,
            "isBuyerMaker": true,
            "isBestMatch": true
        },
        {
            "agg_trade_id": 15301351,
            "price": "5.49800000",
            "quantity": "11.19000000",
            "first_trade_id": 35868469,
            "last_trade_id": 35868469,
            "timestamp": 1732039117779,
            "isBuyerMaker": false,
            "isBestMatch": true
        },
        {
            "agg_trade_id": 15301352,
            "price": "5.49800000",
            "quantity": "8.36000000",
            "first_trade_id": 35868470,
            "last_trade_id": 35868471,
            "timestamp": 1732039119956,
            "isBuyerMaker": false,
            "isBestMatch": true
        },
        {
            "agg_trade_id": 15301353,
            "price": "5.49700000",
            "quantity": "2.25000000",
            "first_trade_id": 35868472,
            "last_trade_id": 35868472,
            "timestamp": 1732039123474,
            "isBuyerMaker": true,
            "isBestMatch": true
        },
        {
            "agg_trade_id": 15301354,
            "price": "5.49800000",
            "quantity": "1.27000000",
            "first_trade_id": 35868473,
            "last_trade_id": 35868473,
            "timestamp": 1732039126066,
            "isBuyerMaker": false,
            "isBestMatch": true
        },
        {
            "agg_trade_id": 15301355,
            "price": "5.49800000",
            "quantity": "143.44000000",
            "first_trade_id": 35868474,
            "last_trade_id": 35868477,
            "timestamp": 1732039128801,
            "isBuyerMaker": false,
            "isBestMatch": true
        },
        {
            "agg_trade_id": 15301356,
            "price": "5.49800000",
            "quantity": "3.33000000",
            "first_trade_id": 35868478,
            "last_trade_id": 35868478,
            "timestamp": 1732039130311,
            "isBuyerMaker": true,
            "isBestMatch": true
        },
        {
            "agg_trade_id": 15301357,
            "price": "5.49900000",
            "quantity": "227.31000000",
            "first_trade_id": 35868479,
            "last_trade_id": 35868479,
            "timestamp": 1732039131113,
            "isBuyerMaker": false,
            "isBestMatch": true
        },
        {
            "agg_trade_id": 15301358,
            "price": "5.49900000",
            "quantity": "4.18000000",
            "first_trade_id": 35868480,
            "last_trade_id": 35868480,
            "timestamp": 1732039135360,
            "isBuyerMaker": false,
            "isBestMatch": true
        },
        {
            "agg_trade_id": 15301359,
            "price": "5.49900000",
            "quantity": "27.18000000",
            "first_trade_id": 35868481,
            "last_trade_id": 35868481,
            "timestamp": 1732039136242,
            "isBuyerMaker": false,
            "isBestMatch": true
        },
        {
            "agg_trade_id": 15301360,
            "price": "5.49900000",
            "quantity": "0.91000000",
            "first_trade_id": 35868482,
            "last_trade_id": 35868482,
            "timestamp": 1732039138665,
            "isBuyerMaker": false,
            "isBestMatch": true
        },
        {
            "agg_trade_id": 15301361,
            "price": "5.49800000",
            "quantity": "37.27000000",
            "first_trade_id": 35868483,
            "last_trade_id": 35868484,
            "timestamp": 1732039141248,
            "isBuyerMaker": true,
            "isBestMatch": true
        },
        {
            "agg_trade_id": 15301362,
            "price": "5.49900000",
            "quantity": "2.27000000",
            "first_trade_id": 35868485,
            "last_trade_id": 35868485,
            "timestamp": 1732039146139,
            "isBuyerMaker": false,
            "isBestMatch": true
        },
        {
            "agg_trade_id": 15301363,
            "price": "5.49800000",
            "quantity": "3.03000000",
            "first_trade_id": 35868486,
            "last_trade_id": 35868486,
            "timestamp": 1732039147589,
            "isBuyerMaker": true,
            "isBestMatch": true
        },
        {
            "agg_trade_id": 15301364,
            "price": "5.49900000",
            "quantity": "1.50000000",
            "first_trade_id": 35868487,
            "last_trade_id": 35868488,
            "timestamp": 1732039150229,
            "isBuyerMaker": false,
            "isBestMatch": true
        },
        {
            "agg_trade_id": 15301365,
            "price": "5.49900000",
            "quantity": "9.27000000",
            "first_trade_id": 35868489,
            "last_trade_id": 35868491,
            "timestamp": 1732039152114,
            "isBuyerMaker": false,
            "isBestMatch": true
        },
        {
            "agg_trade_id": 15301366,
            "price": "5.49900000",
            "quantity": "65.84000000",
            "first_trade_id": 35868492,
            "last_trade_id": 35868492,
            "timestamp": 1732039152460,
            "isBuyerMaker": false,
            "isBestMatch": true
        },
        {
            "agg_trade_id": 15301367,
            "price": "5.49900000",
            "quantity": "66.66000000",
            "first_trade_id": 35868493,
            "last_trade_id": 35868494,
            "timestamp": 1732039153982,
            "isBuyerMaker": true,
            "isBestMatch": true
        },
        {
            "agg_trade_id": 15301368,
            "price": "5.49900000",
            "quantity": "66.67000000",
            "first_trade_id": 35868495,
            "last_trade_id": 35868497,
            "timestamp": 1732039156981,
            "isBuyerMaker": true,
            "isBestMatch": true
        },
        {
            "agg_trade_id": 15301369,
            "price": "5.50000000",
            "quantity": "3.91000000",
            "first_trade_id": 35868498,
            "last_trade_id": 35868498,
            "timestamp": 1732039157530,
            "isBuyerMaker": false,
            "isBestMatch": true
        },
        {
            "agg_trade_id": 15301370,
            "price": "5.50000000",
            "quantity": "1.67000000",
            "first_trade_id": 35868499,
            "last_trade_id": 35868499,
            "timestamp": 1732039158577,
            "isBuyerMaker": false,
            "isBestMatch": true
        },
        {
            "agg_trade_id": 15301371,
            "price": "5.50000000",
            "quantity": "33.71000000",
            "first_trade_id": 35868500,
            "last_trade_id": 35868501,
            "timestamp": 1732039158671,
            "isBuyerMaker": false,
            "isBestMatch": true
        },
        {
            "agg_trade_id": 15301372,
            "price": "5.49900000",
            "quantity": "54.98000000",
            "first_trade_id": 35868502,
            "last_trade_id": 35868502,
            "timestamp": 1732039159805,
            "isBuyerMaker": true,
            "isBestMatch": true
        },
        {
            "agg_trade_id": 15301373,
            "price": "5.50000000",
            "quantity": "1.63000000",
            "first_trade_id": 35868503,
            "last_trade_id": 35868503,
            "timestamp": 1732039161565,
            "isBuyerMaker": false,
            "isBestMatch": true
        },
        {
            "agg_trade_id": 15301374,
            "price": "5.50000000",
            "quantity": "11.59000000",
            "first_trade_id": 35868504,
            "last_trade_id": 35868504,
            "timestamp": 1732039165964,
            "isBuyerMaker": false,
            "isBestMatch": true
        },
        {
            "agg_trade_id": 15301375,
            "price": "5.49900000",
            "quantity": "7.58000000",
            "first_trade_id": 35868505,
            "last_trade_id": 35868505,
            "timestamp": 1732039166399,
            "isBuyerMaker": true,
            "isBestMatch": true
        },
        {
            "agg_trade_id": 15301376,
            "price": "5.50000000",
            "quantity": "1.00000000",
            "first_trade_id": 35868506,
            "last_trade_id": 35868506,
            "timestamp": 1732039170372,
            "isBuyerMaker": false,
            "isBestMatch": true
        },
        {
            "agg_trade_id": 15301377,
            "price": "5.50000000",
            "quantity": "2.18000000",
            "first_trade_id": 35868507,
            "last_trade_id": 35868507,
            "timestamp": 1732039173624,
            "isBuyerMaker": false,
            "isBestMatch": true
        },
        {
            "agg_trade_id": 15301378,
            "price": "5.50000000",
            "quantity": "1.00000000",
            "first_trade_id": 35868508,
            "last_trade_id": 35868508,
            "timestamp": 1732039175410,
            "isBuyerMaker": false,
            "isBestMatch": true
        },
        {
            "agg_trade_id": 15301379,
            "price": "5.49900000",
            "quantity": "241.82000000",
            "first_trade_id": 35868509,
            "last_trade_id": 35868512,
            "timestamp": 1732039175828,
            "isBuyerMaker": true,
            "isBestMatch": true
        },
        {
            "agg_trade_id": 15301380,
            "price": "5.49900000",
            "quantity": "6.00000000",
            "first_trade_id": 35868513,
            "last_trade_id": 35868513,
            "timestamp": 1732039181479,
            "isBuyerMaker": false,
            "isBestMatch": true
        },
        {
            "agg_trade_id": 15301381,
            "price": "5.49800000",
            "quantity": "94.93000000",
            "first_trade_id": 35868514,
            "last_trade_id": 35868514,
            "timestamp": 1732039186710,
            "isBuyerMaker": true,
            "isBestMatch": true
        },
        {
            "agg_trade_id": 15301382,
            "price": "5.49900000",
            "quantity": "86.03000000",
            "first_trade_id": 35868515,
            "last_trade_id": 35868515,
            "timestamp": 1732039186724,
            "isBuyerMaker": false,
            "isBestMatch": true
        },
        {
            "agg_trade_id": 15301383,
            "price": "5.49800000",
            "quantity": "5.86000000",
            "first_trade_id": 35868516,
            "last_trade_id": 35868516,
            "timestamp": 1732039189475,
            "isBuyerMaker": true,
            "isBestMatch": true
        },
        {
            "agg_trade_id": 15301384,
            "price": "5.49900000",
            "quantity": "23.07000000",
            "first_trade_id": 35868517,
            "last_trade_id": 35868517,
            "timestamp": 1732039192268,
            "isBuyerMaker": false,
            "isBestMatch": true
        },
        {
            "agg_trade_id": 15301385,
            "price": "5.49800000",
            "quantity": "127.43000000",
            "first_trade_id": 35868518,
            "last_trade_id": 35868518,
            "timestamp": 1732039193803,
            "isBuyerMaker": true,
            "isBestMatch": true
        },
        {
            "agg_trade_id": 15301386,
            "price": "5.49800000",
            "quantity": "94.61000000",
            "first_trade_id": 35868519,
            "last_trade_id": 35868521,
            "timestamp": 1732039193811,
            "isBuyerMaker": true,
            "isBestMatch": true
        },
        {
            "agg_trade_id": 15301387,
            "price": "5.49800000",
            "quantity": "1.04000000",
            "first_trade_id": 35868522,
            "last_trade_id": 35868522,
            "timestamp": 1732039193820,
            "isBuyerMaker": true,
            "isBestMatch": true
        },
        {
            "agg_trade_id": 15301388,
            "price": "5.49800000",
            "quantity": "35.13000000",
            "first_trade_id": 35868523,
            "last_trade_id": 35868523,
            "timestamp": 1732039193855,
            "isBuyerMaker": true,
            "isBestMatch": true
        },
        {
            "agg_trade_id": 15301389,
            "price": "5.49700000",
            "quantity": "59.82000000",
            "first_trade_id": 35868524,
            "last_trade_id": 35868524,
            "timestamp": 1732039193855,
            "isBuyerMaker": true,
            "isBestMatch": true
        },
        {
            "agg_trade_id": 15301390,
            "price": "5.49700000",
            "quantity": "38.38000000",
            "first_trade_id": 35868525,
            "last_trade_id": 35868525,
            "timestamp": 1732039196759,
            "isBuyerMaker": true,
            "isBestMatch": true
        },
        {
            "agg_trade_id": 15301391,
            "price": "5.49800000",
            "quantity": "5.85000000",
            "first_trade_id": 35868526,
            "last_trade_id": 35868526,
            "timestamp": 1732039198145,
            "isBuyerMaker": false,
            "isBestMatch": true
        },
        {
            "agg_trade_id": 15301392,
            "price": "5.49800000",
            "quantity": "2.81000000",
            "first_trade_id": 35868527,
            "last_trade_id": 35868527,
            "timestamp": 1732039198299,
            "isBuyerMaker": false,
            "isBestMatch": true
        },
        {
            "agg_trade_id": 15301393,
            "price": "5.49800000",
            "quantity": "0.94000000",
            "first_trade_id": 35868528,
            "last_trade_id": 35868528,
            "timestamp": 1732039201908,
            "isBuyerMaker": false,
            "isBestMatch": true
        },
        {
            "agg_trade_id": 15301394,
            "price": "5.49800000",
            "quantity": "5.09000000",
            "first_trade_id": 35868529,
            "last_trade_id": 35868529,
            "timestamp": 1732039202123,
            "isBuyerMaker": false,
            "isBestMatch": true
        },
        {
            "agg_trade_id": 15301395,
            "price": "5.49700000",
            "quantity": "2.84000000",
            "first_trade_id": 35868530,
            "last_trade_id": 35868530,
            "timestamp": 1732039202824,
            "isBuyerMaker": true,
            "isBestMatch": true
        },
        {
            "agg_trade_id": 15301396,
            "price": "5.49800000",
            "quantity": "43.89000000",
            "first_trade_id": 35868531,
            "last_trade_id": 35868531,
            "timestamp": 1732039204894,
            "isBuyerMaker": false,
            "isBestMatch": true
        },
        {
            "agg_trade_id": 15301397,
            "price": "5.49800000",
            "quantity": "37.96000000",
            "first_trade_id": 35868532,
            "last_trade_id": 35868532,
            "timestamp": 1732039205994,
            "isBuyerMaker": false,
            "isBestMatch": true
        },
        {
            "agg_trade_id": 15301398,
            "price": "5.49800000",
            "quantity": "6.93000000",
            "first_trade_id": 35868533,
            "last_trade_id": 35868533,
            "timestamp": 1732039211852,
            "isBuyerMaker": false,
            "isBestMatch": true
        },
        {
            "agg_trade_id": 15301399,
            "price": "5.49700000",
            "quantity": "4.38000000",
            "first_trade_id": 35868534,
            "last_trade_id": 35868534,
            "timestamp": 1732039216552,
            "isBuyerMaker": true,
            "isBestMatch": true
        },
        {
            "agg_trade_id": 15301400,
            "price": "5.49800000",
            "quantity": "1.23000000",
            "first_trade_id": 35868535,
            "last_trade_id": 35868535,
            "timestamp": 1732039216565,
            "isBuyerMaker": false,
            "isBestMatch": true
        },
        {
            "agg_trade_id": 15301401,
            "price": "5.49800000",
            "quantity": "1.00000000",
            "first_trade_id": 35868536,
            "last_trade_id": 35868536,
            "timestamp": 1732039216600,
            "isBuyerMaker": false,
            "isBestMatch": true
        },
        {
            "agg_trade_id": 15301402,
            "price": "5.49800000",
            "quantity": "3.63000000",
            "first_trade_id": 35868537,
            "last_trade_id": 35868537,
            "timestamp": 1732039217889,
            "isBuyerMaker": false,
            "isBestMatch": true
        },
        {
            "agg_trade_id": 15301403,
            "price": "5.49800000",
            "quantity": "29.07000000",
            "first_trade_id": 35868538,
            "last_trade_id": 35868538,
            "timestamp": 1732039218199,
            "isBuyerMaker": false,
            "isBestMatch": true
        },
        {
            "agg_trade_id": 15301404,
            "price": "5.49700000",
            "quantity": "7.34000000",
            "first_trade_id": 35868539,
            "last_trade_id": 35868539,
            "timestamp": 1732039218242,
            "isBuyerMaker": true,
            "isBestMatch": true
        },
        {
            "agg_trade_id": 15301405,
            "price": "5.49800000",
            "quantity": "10.17000000",
            "first_trade_id": 35868540,
            "last_trade_id": 35868540,
            "timestamp": 1732039219590,
            "isBuyerMaker": false,
            "isBestMatch": true
        },
        {
            "agg_trade_id": 15301406,
            "price": "5.49800000",
            "quantity": "4.99000000",
            "first_trade_id": 35868541,
            "last_trade_id": 35868541,
            "timestamp": 1732039221987,
            "isBuyerMaker": false,
            "isBestMatch": true
        },
        {
            "agg_trade_id": 15301407,
            "price": "5.49700000",
            "quantity": "2.56000000",
            "first_trade_id": 35868542,
            "last_trade_id": 35868542,
            "timestamp": 1732039222088,
            "isBuyerMaker": true,
            "isBestMatch": true
        },
        {
            "agg_trade_id": 15301408,
            "price": "5.49800000",
            "quantity": "1.00000000",
            "first_trade_id": 35868543,
            "last_trade_id": 35868543,
            "timestamp": 1732039224914,
            "isBuyerMaker": false,
            "isBestMatch": true
        },
        {
            "agg_trade_id": 15301409,
            "price": "5.49800000",
            "quantity": "4.08000000",
            "first_trade_id": 35868544,
            "last_trade_id": 35868544,
            "timestamp": 1732039225860,
            "isBuyerMaker": false,
            "isBestMatch": true
        },
        {
            "agg_trade_id": 15301410,
            "price": "5.49800000",
            "quantity": "3.63000000",
            "first_trade_id": 35868545,
            "last_trade_id": 35868545,
            "timestamp": 1732039226442,
            "isBuyerMaker": false,
            "isBestMatch": true
        },
        {
            "agg_trade_id": 15301411,
            "price": "5.49800000",
            "quantity": "17.23000000",
            "first_trade_id": 35868546,
            "last_trade_id": 35868546,
            "timestamp": 1732039226968,
            "isBuyerMaker": false,
            "isBestMatch": true
        },
        {
            "agg_trade_id": 15301412,
            "price": "5.49700000",
            "quantity": "2.80000000",
            "first_trade_id": 35868547,
            "last_trade_id": 35868547,
            "timestamp": 1732039227059,
            "isBuyerMaker": true,
            "isBestMatch": true
        },
        {
            "agg_trade_id": 15301413,
            "price": "5.49700000",
            "quantity": "434.70000000",
            "first_trade_id": 35868548,
            "last_trade_id": 35868552,
            "timestamp": 1732039228541,
            "isBuyerMaker": true,
            "isBestMatch": true
        },
        {
            "agg_trade_id": 15301414,
            "price": "5.49700000",
            "quantity": "13.93000000",
            "first_trade_id": 35868553,
            "last_trade_id": 35868554,
            "timestamp": 1732039228542,
            "isBuyerMaker": true,
            "isBestMatch": true
        },
        {
            "agg_trade_id": 15301415,
            "price": "5.49600000",
            "quantity": "8.62000000",
            "first_trade_id": 35868555,
            "last_trade_id": 35868556,
            "timestamp": 1732039229038,
            "isBuyerMaker": true,
            "isBestMatch": true
        },
        {
            "agg_trade_id": 15301416,
            "price": "5.49600000",
            "quantity": "36.90000000",
            "first_trade_id": 35868557,
            "last_trade_id": 35868557,
            "timestamp": 1732039232389,
            "isBuyerMaker": false,
            "isBestMatch": true
        },
        {
            "agg_trade_id": 15301417,
            "price": "5.49600000",
            "quantity": "5.73000000",
            "first_trade_id": 35868558,
            "last_trade_id": 35868558,
            "timestamp": 1732039233093,
            "isBuyerMaker": false,
            "isBestMatch": true
        },
        {
            "agg_trade_id": 15301418,
            "price": "5.49500000",
            "quantity": "2.50000000",
            "first_trade_id": 35868559,
            "last_trade_id": 35868559,
            "timestamp": 1732039234589,
            "isBuyerMaker": true,
            "isBestMatch": true
        },
        {
            "agg_trade_id": 15301419,
            "price": "5.49500000",
            "quantity": "37.94000000",
            "first_trade_id": 35868560,
            "last_trade_id": 35868560,
            "timestamp": 1732039234676,
            "isBuyerMaker": true,
            "isBestMatch": true
        },
        {
            "agg_trade_id": 15301420,
            "price": "5.49500000",
            "quantity": "4.81000000",
            "first_trade_id": 35868561,
            "last_trade_id": 35868561,
            "timestamp": 1732039235812,
            "isBuyerMaker": true,
            "isBestMatch": true
        },
        {
            "agg_trade_id": 15301421,
            "price": "5.49500000",
            "quantity": "2.80000000",
            "first_trade_id": 35868562,
            "last_trade_id": 35868562,
            "timestamp": 1732039236119,
            "isBuyerMaker": true,
            "isBestMatch": true
        },
        {
            "agg_trade_id": 15301422,
            "price": "5.49600000",
            "quantity": "1.00000000",
            "first_trade_id": 35868563,
            "last_trade_id": 35868563,
            "timestamp": 1732039236396,
            "isBuyerMaker": false,
            "isBestMatch": true
        },
        {
            "agg_trade_id": 15301423,
            "price": "5.49600000",
            "quantity": "71.48000000",
            "first_trade_id": 35868564,
            "last_trade_id": 35868565,
            "timestamp": 1732039237949,
            "isBuyerMaker": false,
            "isBestMatch": true
        },
        {
            "agg_trade_id": 15301424,
            "price": "5.49600000",
            "quantity": "53.85000000",
            "first_trade_id": 35868566,
            "last_trade_id": 35868566,
            "timestamp": 1732039238121,
            "isBuyerMaker": false,
            "isBestMatch": true
        },
        {
            "agg_trade_id": 15301425,
            "price": "5.49600000",
            "quantity": "2.05000000",
            "first_trade_id": 35868567,
            "last_trade_id": 35868567,
            "timestamp": 1732039238630,
            "isBuyerMaker": false,
            "isBestMatch": true
        },
        {
            "agg_trade_id": 15301426,
            "price": "5.49600000",
            "quantity": "2.81000000",
            "first_trade_id": 35868568,
            "last_trade_id": 35868568,
            "timestamp": 1732039239457,
            "isBuyerMaker": false,
            "isBestMatch": true
        },
        {
            "agg_trade_id": 15301427,
            "price": "5.49600000",
            "quantity": "5.75000000",
            "first_trade_id": 35868569,
            "last_trade_id": 35868569,
            "timestamp": 1732039240340,
            "isBuyerMaker": false,
            "isBestMatch": true
        },
        {
            "agg_trade_id": 15301428,
            "price": "5.49600000",
            "quantity": "11.56000000",
            "first_trade_id": 35868570,
            "last_trade_id": 35868570,
            "timestamp": 1732039244598,
            "isBuyerMaker": false,
            "isBestMatch": true
        },
        {
            "agg_trade_id": 15301429,
            "price": "5.49600000",
            "quantity": "2.54000000",
            "first_trade_id": 35868571,
            "last_trade_id": 35868571,
            "timestamp": 1732039249453,
            "isBuyerMaker": false,
            "isBestMatch": true
        },
        {
            "agg_trade_id": 15301430,
            "price": "5.49600000",
            "quantity": "3.34000000",
            "first_trade_id": 35868572,
            "last_trade_id": 35868573,
            "timestamp": 1732039250269,
            "isBuyerMaker": false,
            "isBestMatch": true
        },
        {
            "agg_trade_id": 15301431,
            "price": "5.49600000",
            "quantity": "7.24000000",
            "first_trade_id": 35868574,
            "last_trade_id": 35868574,
            "timestamp": 1732039252718,
            "isBuyerMaker": false,
            "isBestMatch": true
        },
        {
            "agg_trade_id": 15301432,
            "price": "5.49500000",
            "quantity": "499.98000000",
            "first_trade_id": 35868575,
            "last_trade_id": 35868579,
            "timestamp": 1732039253806,
            "isBuyerMaker": true,
            "isBestMatch": true
        },
        {
            "agg_trade_id": 15301433,
            "price": "5.49600000",
            "quantity": "4.61000000",
            "first_trade_id": 35868580,
            "last_trade_id": 35868580,
            "timestamp": 1732039254090,
            "isBuyerMaker": false,
            "isBestMatch": true
        },
        {
            "agg_trade_id": 15301434,
            "price": "5.49500000",
            "quantity": "153.52000000",
            "first_trade_id": 35868581,
            "last_trade_id": 35868583,
            "timestamp": 1732039256661,
            "isBuyerMaker": true,
            "isBestMatch": true
        },
        {
            "agg_trade_id": 15301435,
            "price": "5.49600000",
            "quantity": "2.56000000",
            "first_trade_id": 35868584,
            "last_trade_id": 35868584,
            "timestamp": 1732039261485,
            "isBuyerMaker": false,
            "isBestMatch": true
        },
        {
            "agg_trade_id": 15301436,
            "price": "5.49600000",
            "quantity": "3.34000000",
            "first_trade_id": 35868585,
            "last_trade_id": 35868585,
            "timestamp": 1732039262008,
            "isBuyerMaker": false,
            "isBestMatch": true
        },
        {
            "agg_trade_id": 15301437,
            "price": "5.49600000",
            "quantity": "2.00000000",
            "first_trade_id": 35868586,
            "last_trade_id": 35868586,
            "timestamp": 1732039262257,
            "isBuyerMaker": false,
            "isBestMatch": true
        },
        {
            "agg_trade_id": 15301438,
            "price": "5.49600000",
            "quantity": "3.65000000",
            "first_trade_id": 35868587,
            "last_trade_id": 35868587,
            "timestamp": 1732039262274,
            "isBuyerMaker": false,
            "isBestMatch": true
        },
        {
            "agg_trade_id": 15301439,
            "price": "5.49600000",
            "quantity": "2.00000000",
            "first_trade_id": 35868588,
            "last_trade_id": 35868588,
            "timestamp": 1732039262562,
            "isBuyerMaker": false,
            "isBestMatch": true
        },
        {
            "agg_trade_id": 15301440,
            "price": "5.49500000",
            "quantity": "1.50000000",
            "first_trade_id": 35868589,
            "last_trade_id": 35868589,
            "timestamp": 1732039264076,
            "isBuyerMaker": true,
            "isBestMatch": true
        },
        {
            "agg_trade_id": 15301441,
            "price": "5.49600000",
            "quantity": "46.70000000",
            "first_trade_id": 35868590,
            "last_trade_id": 35868590,
            "timestamp": 1732039268530,
            "isBuyerMaker": false,
            "isBestMatch": true
        },
        {
            "agg_trade_id": 15301442,
            "price": "5.49600000",
            "quantity": "0.98000000",
            "first_trade_id": 35868591,
            "last_trade_id": 35868591,
            "timestamp": 1732039274655,
            "isBuyerMaker": false,
            "isBestMatch": true
        },
        {
            "agg_trade_id": 15301443,
            "price": "5.49500000",
            "quantity": "1.58000000",
            "first_trade_id": 35868592,
            "last_trade_id": 35868592,
            "timestamp": 1732039275073,
            "isBuyerMaker": true,
            "isBestMatch": true
        },
        {
            "agg_trade_id": 15301444,
            "price": "5.49600000",
            "quantity": "15.62000000",
            "first_trade_id": 35868593,
            "last_trade_id": 35868593,
            "timestamp": 1732039276201,
            "isBuyerMaker": false,
            "isBestMatch": true
        },
        {
            "agg_trade_id": 15301445,
            "price": "5.49600000",
            "quantity": "375.80000000",
            "first_trade_id": 35868594,
            "last_trade_id": 35868596,
            "timestamp": 1732039277017,
            "isBuyerMaker": false,
            "isBestMatch": true
        },
        {
            "agg_trade_id": 15301446,
            "price": "5.49600000",
            "quantity": "7.81000000",
            "first_trade_id": 35868597,
            "last_trade_id": 35868605,
            "timestamp": 1732039277071,
            "isBuyerMaker": false,
            "isBestMatch": true
        },
        {
            "agg_trade_id": 15301447,
            "price": "5.49600000",
            "quantity": "0.96000000",
            "first_trade_id": 35868606,
            "last_trade_id": 35868607,
            "timestamp": 1732039277073,
            "isBuyerMaker": false,
            "isBestMatch": true
        },
        {
            "agg_trade_id": 15301448,
            "price": "5.49600000",
            "quantity": "0.96000000",
            "first_trade_id": 35868608,
            "last_trade_id": 35868609,
            "timestamp": 1732039277073,
            "isBuyerMaker": false,
            "isBestMatch": true
        },
        {
            "agg_trade_id": 15301449,
            "price": "5.49600000",
            "quantity": "0.96000000",
            "first_trade_id": 35868610,
            "last_trade_id": 35868611,
            "timestamp": 1732039277073,
            "isBuyerMaker": false,
            "isBestMatch": true
        },
        {
            "agg_trade_id": 15301450,
            "price": "5.49600000",
            "quantity": "0.96000000",
            "first_trade_id": 35868612,
            "last_trade_id": 35868613,
            "timestamp": 1732039277073,
            "isBuyerMaker": false,
            "isBestMatch": true
        },
        {
            "agg_trade_id": 15301451,
            "price": "5.49600000",
            "quantity": "0.96000000",
            "first_trade_id": 35868614,
            "last_trade_id": 35868615,
            "timestamp": 1732039277073,
            "isBuyerMaker": false,
            "isBestMatch": true
        },
        {
            "agg_trade_id": 15301452,
            "price": "5.49600000",
            "quantity": "0.96000000",
            "first_trade_id": 35868616,
            "last_trade_id": 35868617,
            "timestamp": 1732039277073,
            "isBuyerMaker": false,
            "isBestMatch": true
        },
        {
            "agg_trade_id": 15301453,
            "price": "5.49600000",
            "quantity": "0.96000000",
            "first_trade_id": 35868618,
            "last_trade_id": 35868619,
            "timestamp": 1732039277073,
            "isBuyerMaker": false,
            "isBestMatch": true
        },
        {
            "agg_trade_id": 15301454,
            "price": "5.49600000",
            "quantity": "0.96000000",
            "first_trade_id": 35868620,
            "last_trade_id": 35868622,
            "timestamp": 1732039277074,
            "isBuyerMaker": false,
            "isBestMatch": true
        },
        {
            "agg_trade_id": 15301455,
            "price": "5.49600000",
            "quantity": "0.96000000",
            "first_trade_id": 35868623,
            "last_trade_id": 35868624,
            "timestamp": 1732039277074,
            "isBuyerMaker": false,
            "isBestMatch": true
        },
        {
            "agg_trade_id": 15301456,
            "price": "5.49600000",
            "quantity": "0.96000000",
            "first_trade_id": 35868625,
            "last_trade_id": 35868626,
            "timestamp": 1732039277074,
            "isBuyerMaker": false,
            "isBestMatch": true
        },
        {
            "agg_trade_id": 15301457,
            "price": "5.49600000",
            "quantity": "0.79000000",
            "first_trade_id": 35868627,
            "last_trade_id": 35868627,
            "timestamp": 1732039277074,
            "isBuyerMaker": false,
            "isBestMatch": true
        },
        {
            "agg_trade_id": 15301458,
            "price": "5.49700000",
            "quantity": "0.17000000",
            "first_trade_id": 35868628,
            "last_trade_id": 35868628,
            "timestamp": 1732039277074,
            "isBuyerMaker": false,
            "isBestMatch": true
        },
        {
            "agg_trade_id": 15301459,
            "price": "5.49700000",
            "quantity": "1.46000000",
            "first_trade_id": 35868629,
            "last_trade_id": 35868629,
            "timestamp": 1732039278229,
            "isBuyerMaker": false,
            "isBestMatch": true
        },
        {
            "agg_trade_id": 15301460,
            "price": "5.49600000",
            "quantity": "3.90000000",
            "first_trade_id": 35868630,
            "last_trade_id": 35868630,
            "timestamp": 1732039279218,
            "isBuyerMaker": true,
            "isBestMatch": true
        },
        {
            "agg_trade_id": 15301461,
            "price": "5.49700000",
            "quantity": "2.65000000",
            "first_trade_id": 35868631,
            "last_trade_id": 35868631,
            "timestamp": 1732039280999,
            "isBuyerMaker": false,
            "isBestMatch": true
        },
        {
            "agg_trade_id": 15301462,
            "price": "5.49600000",
            "quantity": "0.99000000",
            "first_trade_id": 35868632,
            "last_trade_id": 35868632,
            "timestamp": 1732039282886,
            "isBuyerMaker": true,
            "isBestMatch": true
        },
        {
            "agg_trade_id": 15301463,
            "price": "5.49600000",
            "quantity": "1.32000000",
            "first_trade_id": 35868633,
            "last_trade_id": 35868633,
            "timestamp": 1732039283778,
            "isBuyerMaker": true,
            "isBestMatch": true
        },
        {
            "agg_trade_id": 15301464,
