{
    "data": [
        {
            "agg_trade_id": 211333520,
            "price": "0.20280000",
            "quantity": "90.30000000",
            "first_trade_id": 304508332,
            "last_trade_id": 304508332,
            "timestamp": 1732039051167,
            "isBuyerMaker": false,
            "isBestMatch": true
        },
        {
            "agg_trade_id": 211333521,
            "price": "0.20270000",
            "quantity": "71.60000000",
            "first_trade_id": 304508333,
            "last_trade_id": 304508333,
            "timestamp": 1732039051447,
            "isBuyerMaker": true,
            "isBestMatch": true
        },
        {
            "agg_trade_id": 211333522,
            "price": "0.20270000",
            "quantity": "24.90000000",
            "first_trade_id": 304508334,
            "last_trade_id": 304508334,
            "timestamp": 1732039055254,
            "isBuyerMaker": true,
            "isBestMatch": true
        },
        {
            "agg_trade_id": 211333523,
            "price": "0.20270000",
            "quantity": "353.90000000",
            "first_trade_id": 304508335,
            "last_trade_id": 304508335,
            "timestamp": 1732039057879,
            "isBuyerMaker": true,
            "isBestMatch": true
        },
        {
            "agg_trade_id": 211333524,
            "price": "0.20280000",
            "quantity": "37.40000000",
            "first_trade_id": 304508336,
            "last_trade_id": 304508336,
            "timestamp": 1732039059468,
            "isBuyerMaker": false,
            "isBestMatch": true
        },
        {
            "agg_trade_id": 211333525,
            "price": "0.20280000",
            "quantity": "47.00000000",
            "first_trade_id": 304508337,
            "last_trade_id": 304508337,
            "timestamp": 1732039062242,
            "isBuyerMaker": false,
            "isBestMatch": true
        },
        {
            "agg_trade_id": 211333526,
            "price": "0.20270000",
            "quantity": "32.20000000",
            "first_trade_id": 304508338,
            "last_trade_id": 304508338,
            "timestamp": 1732039062639,
            "isBuyerMaker": true,
            "isBestMatch": true
        },
        {
            "agg_trade_id": 211333527,
            "price": "0.20270000",
            "quantity": "13836.70000000",
            "first_trade_id": 304508339,
            "last_trade_id": 304508339,
            "timestamp": 1732039062958,
            "isBuyerMaker": true,
            "isBestMatch": true
        },
        {
            "agg_trade_id": 211333528,
            "price": "0.20280000",
            "quantity": "127.50000000",
            "first_trade_id": 304508340,
            "last_trade_id": 304508340,
            "timestamp": 1732039063428,
            "isBuyerMaker": false,
            "isBestMatch": true
        },
        {
            "agg_trade_id": 211333529,
            "price": "0.20280000",
            "quantity": "148.00000000",
            "first_trade_id": 304508341,
            "last_trade_id": 304508341,
            "timestamp": 1732039064456,
            "isBuyerMaker": false,
            "isBestMatch": true
        },
        {
            "agg_trade_id": 211333530,
            "price": "0.20270000",
            "quantity": "3732.50000000",
            "first_trade_id": 304508342,
            "last_trade_id": 304508342,
            "timestamp": 1732039067275,
            "isBuyerMaker": true,
            "isBestMatch": true
        },
        {
            "agg_trade_id": 211333531,
            "price": "0.20270000",
            "quantity": "70.00000000",
            "first_trade_id": 304508343,
            "last_trade_id": 304508343,
            "timestamp": 1732039068222,
            "isBuyerMaker": true,
            "isBestMatch": true
        },
        {
            "agg_trade_id": 211333532,
            "price": "0.20280000",
            "quantity": "197.10000000",
            "first_trade_id": 304508344,
            "last_trade_id": 304508344,
            "timestamp": 1732039069472,
            "isBuyerMaker": false,
            "isBestMatch": true
        },
        {
            "agg_trade_id": 211333533,
            "price": "0.20280000",
            "quantity": "873.50000000",
            "first_trade_id": 304508345,
            "last_trade_id": 304508345,
            "timestamp": 1732039070375,
            "isBuyerMaker": false,
            "isBestMatch": true
        },
        {
            "agg_trade_id": 211333534,
            "price": "0.20270000",
            "quantity": "334.20000000",
            "first_trade_id": 304508346,
            "last_trade_id": 304508346,
            "timestamp": 1732039072711,
            "isBuyerMaker": true,
            "isBestMatch": true
        },
        {
            "agg_trade_id": 211333535,
            "price": "0.20270000",
            "quantity": "214.10000000",
            "first_trade_id": 304508347,
            "last_trade_id": 304508347,
            "timestamp": 1732039073379,
            "isBuyerMaker": true,
            "isBestMatch": true
        },
        {
            "agg_trade_id": 211333536,
            "price": "0.20280000",
            "quantity": "2012.70000000",
            "first_trade_id": 304508348,
            "last_trade_id": 304508348,
            "timestamp": 1732039074687,
            "isBuyerMaker": false,
            "isBestMatch": true
        },
        {
            "agg_trade_id": 211333537,
            "price": "0.20280000",
            "quantity": "86.10000000",
            "first_trade_id": 304508349,
            "last_trade_id": 304508349,
            "timestamp": 1732039074728,
            "isBuyerMaker": false,
            "isBestMatch": true
        },
        {
            "agg_trade_id": 211333538,
            "price": "0.20270000",
            "quantity": "394.80000000",
            "first_trade_id": 304508350,
            "last_trade_id": 304508350,
            "timestamp": 1732039075277,
            "isBuyerMaker": true,
            "isBestMatch": true
        },
        {
            "agg_trade_id": 211333539,
            "price": "0.20280000",
            "quantity": "244.60000000",
            "first_trade_id": 304508351,
            "last_trade_id": 304508351,
            "timestamp": 1732039075549,
            "isBuyerMaker": false,
            "isBestMatch": true
        },
        {
            "agg_trade_id": 211333540,
            "price": "0.20280000",
            "quantity": "30.00000000",
            "first_trade_id": 304508352,
            "last_trade_id": 304508352,
            "timestamp": 1732039075557,
            "isBuyerMaker": false,
            "isBestMatch": true
        },
        {
            "agg_trade_id": 211333541,
            "price": "0.20280000",
            "quantity": "535.30000000",
            "first_trade_id": 304508353,
            "last_trade_id": 304508353,
            "timestamp": 1732039077075,
            "isBuyerMaker": false,
            "isBestMatch": true
        },
        {
            "agg_trade_id": 211333542,
            "price": "0.20280000",
            "quantity": "42.50000000",
            "first_trade_id": 304508354,
            "last_trade_id": 304508354,
            "timestamp": 1732039078175,
            "isBuyerMaker": false,
            "isBestMatch": true
        },
        {
            "agg_trade_id": 211333543,
            "price": "0.20280000",
            "quantity": "55.30000000",
            "first_trade_id": 304508355,
            "last_trade_id": 304508355,
            "timestamp": 1732039078930,
            "isBuyerMaker": false,
            "isBestMatch": true
        },
        {
            "agg_trade_id": 211333544,
            "price": "0.20270000",
            "quantity": "57585.90000000",
            "first_trade_id": 304508356,
            "last_trade_id": 304508356,
            "timestamp": 1732039079235,
            "isBuyerMaker": true,
            "isBestMatch": true
        },
        {
            "agg_trade_id": 211333545,
            "price": "0.20270000",
            "quantity": "33.50000000",
            "first_trade_id": 304508357,
            "last_trade_id": 304508357,
            "timestamp": 1732039080491,
            "isBuyerMaker": true,
            "isBestMatch": true
        },
        {
            "agg_trade_id": 211333546,
            "price": "0.20270000",
            "quantity": "908.20000000",
            "first_trade_id": 304508358,
            "last_trade_id": 304508358,
            "timestamp": 1732039081585,
            "isBuyerMaker": true,
            "isBestMatch": true
        },
        {
            "agg_trade_id": 211333547,
            "price": "0.20280000",
            "quantity": "71.10000000",
            "first_trade_id": 304508359,
            "last_trade_id": 304508359,
            "timestamp": 1732039084599,
            "isBuyerMaker": false,
            "isBestMatch": true
        },
        {
            "agg_trade_id": 211333548,
            "price": "0.20280000",
            "quantity": "266.50000000",
            "first_trade_id": 304508360,
            "last_trade_id": 304508360,
            "timestamp": 1732039085669,
            "isBuyerMaker": false,
            "isBestMatch": true
        },
        {
            "agg_trade_id": 211333549,
            "price": "0.20270000",
            "quantity": "3038.70000000",
            "first_trade_id": 304508361,
            "last_trade_id": 304508361,
            "timestamp": 1732039087875,
            "isBuyerMaker": true,
            "isBestMatch": true
        },
        {
            "agg_trade_id": 211333550,
            "price": "0.20280000",
            "quantity": "2448.30000000",
            "first_trade_id": 304508362,
            "last_trade_id": 304508362,
            "timestamp": 1732039089759,
            "isBuyerMaker": false,
            "isBestMatch": true
        },
        {
            "agg_trade_id": 211333551,
            "price": "0.20280000",
            "quantity": "30.90000000",
            "first_trade_id": 304508363,
            "last_trade_id": 304508363,
            "timestamp": 1732039090549,
            "isBuyerMaker": false,
            "isBestMatch": true
        },
        {
            "agg_trade_id": 211333552,
            "price": "0.20280000",
            "quantity": "1281.20000000",
            "first_trade_id": 304508364,
            "last_trade_id": 304508364,
            "timestamp": 1732039090728,
            "isBuyerMaker": false,
            "isBestMatch": true
        },
        {
            "agg_trade_id": 211333553,
            "price": "0.20270000",
            "quantity": "100.00000000",
            "first_trade_id": 304508365,
            "last_trade_id": 304508365,
            "timestamp": 1732039091222,
            "isBuyerMaker": true,
            "isBestMatch": true
        },
        {
            "agg_trade_id": 211333554,
            "price": "0.20280000",
            "quantity": "478.00000000",
            "first_trade_id": 304508366,
            "last_trade_id": 304508366,
            "timestamp": 1732039091245,
            "isBuyerMaker": false,
            "isBestMatch": true
        },
        {
            "agg_trade_id": 211333555,
            "price": "0.20280000",
            "quantity": "50.00000000",
            "first_trade_id": 304508367,
            "last_trade_id": 304508367,
            "timestamp": 1732039093414,
            "isBuyerMaker": false,
            "isBestMatch": true
        },
        {
            "agg_trade_id": 211333556,
            "price": "0.20270000",
            "quantity": "1096.20000000",
            "first_trade_id": 304508368,
            "last_trade_id": 304508368,
            "timestamp": 1732039093659,
            "isBuyerMaker": true,
            "isBestMatch": true
        },
        {
            "agg_trade_id": 211333557,
            "price": "0.20280000",
            "quantity": "63.60000000",
            "first_trade_id": 304508369,
            "last_trade_id": 304508369,
            "timestamp": 1732039093701,
            "isBuyerMaker": false,
            "isBestMatch": true
        },
        {
            "agg_trade_id": 211333558,
            "price": "0.20280000",
            "quantity": "119.80000000",
            "first_trade_id": 304508370,
            "last_trade_id": 304508370,
            "timestamp": 1732039095044,
            "isBuyerMaker": false,
            "isBestMatch": true
        },
        {
            "agg_trade_id": 211333559,
            "price": "0.20270000",
            "quantity": "500.00000000",
            "first_trade_id": 304508371,
            "last_trade_id": 304508371,
            "timestamp": 1732039096117,
            "isBuyerMaker": true,
            "isBestMatch": true
        },
        {
            "agg_trade_id": 211333560,
            "price": "0.20280000",
            "quantity": "30.70000000",
            "first_trade_id": 304508372,
            "last_trade_id": 304508372,
            "timestamp": 1732039097768,
            "isBuyerMaker": false,
            "isBestMatch": true
        },
        {
            "agg_trade_id": 211333561,
            "price": "0.20270000",
            "quantity": "32.60000000",
            "first_trade_id": 304508373,
            "last_trade_id": 304508373,
            "timestamp": 1732039098790,
            "isBuyerMaker": true,
            "isBestMatch": true
        },
        {
            "agg_trade_id": 211333562,
            "price": "0.20280000",
            "quantity": "4419.20000000",
            "first_trade_id": 304508374,
            "last_trade_id": 304508374,
            "timestamp": 1732039098889,
            "isBuyerMaker": false,
            "isBestMatch": true
        },
        {
            "agg_trade_id": 211333563,
            "price": "0.20280000",
            "quantity": "85.60000000",
            "first_trade_id": 304508375,
            "last_trade_id": 304508375,
            "timestamp": 1732039099896,
            "isBuyerMaker": false,
            "isBestMatch": true
        },
        {
            "agg_trade_id": 211333564,
            "price": "0.20280000",
            "quantity": "83.70000000",
            "first_trade_id": 304508376,
            "last_trade_id": 304508376,
            "timestamp": 1732039099987,
            "isBuyerMaker": false,
            "isBestMatch": true
        },
        {
            "agg_trade_id": 211333565,
            "price": "0.20280000",
            "quantity": "258.40000000",
            "first_trade_id": 304508377,
            "last_trade_id": 304508379,
            "timestamp": 1732039100084,
            "isBuyerMaker": false,
            "isBestMatch": true
        },
        {
            "agg_trade_id": 211333566,
            "price": "0.20280000",
            "quantity": "258.40000000",
            "first_trade_id": 304508380,
            "last_trade_id": 304508380,
            "timestamp": 1732039100084,
            "isBuyerMaker": false,
            "isBestMatch": true
        },
        {
            "agg_trade_id": 211333567,
            "price": "0.20280000",
            "quantity": "258.40000000",
            "first_trade_id": 304508381,
            "last_trade_id": 304508381,
            "timestamp": 1732039100084,
            "isBuyerMaker": false,
            "isBestMatch": true
        },
        {
            "agg_trade_id": 211333568,
            "price": "0.20280000",
            "quantity": "258.40000000",
            "first_trade_id": 304508382,
            "last_trade_id": 304508382,
            "timestamp": 1732039100084,
            "isBuyerMaker": false,
            "isBestMatch": true
        },
        {
            "agg_trade_id": 211333569,
            "price": "0.20280000",
            "quantity": "258.40000000",
            "first_trade_id": 304508383,
            "last_trade_id": 304508383,
            "timestamp": 1732039100084,
            "isBuyerMaker": false,
            "isBestMatch": true
        },
        {
            "agg_trade_id": 211333570,
            "price": "0.20280000",
            "quantity": "258.40000000",
            "first_trade_id": 304508384,
            "last_trade_id": 304508384,
            "timestamp": 1732039100084,
            "isBuyerMaker": false,
            "isBestMatch": true
        },
        {
            "agg_trade_id": 211333571,
            "price": "0.20280000",
            "quantity": "258.40000000",
            "first_trade_id": 304508385,
            "last_trade_id": 304508385,
            "timestamp": 1732039100084,
            "isBuyerMaker": false,
            "isBestMatch": true
        },
        {
            "agg_trade_id": 211333572,
            "price": "0.20280000",
            "quantity": "258.40000000",
            "first_trade_id": 304508386,
            "last_trade_id": 304508387,
            "timestamp": 1732039100084,
            "isBuyerMaker": false,
            "isBestMatch": true
        },
        {
            "agg_trade_id": 211333573,
            "price": "0.20280000",
            "quantity": "258.40000000",
            "first_trade_id": 304508388,
            "last_trade_id": 304508388,
            "timestamp": 1732039100084,
            "isBuyerMaker": false,
            "isBestMatch": true
        },
        {
            "agg_trade_id": 211333574,
            "price": "0.20280000",
            "quantity": "258.40000000",
            "first_trade_id": 304508389,
            "last_trade_id": 304508389,
            "timestamp": 1732039100084,
            "isBuyerMaker": false,
            "isBestMatch": true
        },
        {
            "agg_trade_id": 211333575,
            "price": "0.20280000",
            "quantity": "258.40000000",
            "first_trade_id": 304508390,
            "last_trade_id": 304508390,
            "timestamp": 1732039100084,
            "isBuyerMaker": false,
            "isBestMatch": true
        },
        {
            "agg_trade_id": 211333576,
            "price": "0.20280000",
            "quantity": "258.40000000",
            "first_trade_id": 304508391,
            "last_trade_id": 304508391,
            "timestamp": 1732039100084,
            "isBuyerMaker": false,
            "isBestMatch": true
        },
        {
            "agg_trade_id": 211333577,
            "price": "0.20280000",
            "quantity": "258.40000000",
            "first_trade_id": 304508392,
            "last_trade_id": 304508392,
            "timestamp": 1732039100084,
            "isBuyerMaker": false,
            "isBestMatch": true
        },
        {
            "agg_trade_id": 211333578,
            "price": "0.20280000",
            "quantity": "258.40000000",
            "first_trade_id": 304508393,
            "last_trade_id": 304508393,
            "timestamp": 1732039100084,
            "isBuyerMaker": false,
            "isBestMatch": true
        },
        {
            "agg_trade_id": 211333579,
            "price": "0.20280000",
            "quantity": "258.40000000",
            "first_trade_id": 304508394,
            "last_trade_id": 304508394,
            "timestamp": 1732039100084,
            "isBuyerMaker": false,
            "isBestMatch": true
        },
        {
            "agg_trade_id": 211333580,
            "price": "0.20280000",
            "quantity": "258.40000000",
            "first_trade_id": 304508395,
            "last_trade_id": 304508395,
            "timestamp": 1732039100084,
            "isBuyerMaker": false,
            "isBestMatch": true
        },
        {
            "agg_trade_id": 211333581,
            "price": "0.20280000",
            "quantity": "258.40000000",
            "first_trade_id": 304508396,
            "last_trade_id": 304508396,
            "timestamp": 1732039100084,
            "isBuyerMaker": false,
            "isBestMatch": true
        },
        {
            "agg_trade_id": 211333582,
            "price": "0.20280000",
            "quantity": "258.40000000",
            "first_trade_id": 304508397,
            "last_trade_id": 304508397,
            "timestamp": 1732039100084,
            "isBuyerMaker": false,
            "isBestMatch": true
        },
        {
            "agg_trade_id": 211333583,
            "price": "0.20280000",
            "quantity": "258.40000000",
            "first_trade_id": 304508398,
            "last_trade_id": 304508398,
            "timestamp": 1732039100084,
            "isBuyerMaker": false,
            "isBestMatch": true
        },
        {
            "agg_trade_id": 211333584,
            "price": "0.20280000",
            "quantity": "258.40000000",
            "first_trade_id": 304508399,
            "last_trade_id": 304508399,
            "timestamp": 1732039100085,
            "isBuyerMaker": false,
            "isBestMatch": true
        },
        {
            "agg_trade_id": 211333585,
            "price": "0.20280000",
            "quantity": "258.40000000",
            "first_trade_id": 304508400,
            "last_trade_id": 304508400,
            "timestamp": 1732039100085,
            "isBuyerMaker": false,
            "isBestMatch": true
        },
        {
            "agg_trade_id": 211333586,
            "price": "0.20280000",
            "quantity": "258.40000000",
            "first_trade_id": 304508401,
            "last_trade_id": 304508401,
            "timestamp": 1732039100085,
            "isBuyerMaker": false,
            "isBestMatch": true
        },
        {
            "agg_trade_id": 211333587,
            "price": "0.20280000",
            "quantity": "258.40000000",
            "first_trade_id": 304508402,
            "last_trade_id": 304508403,
            "timestamp": 1732039100085,
            "isBuyerMaker": false,
            "isBestMatch": true
        },
        {
            "agg_trade_id": 211333588,
            "price": "0.20280000",
            "quantity": "258.40000000",
            "first_trade_id": 304508404,
            "last_trade_id": 304508406,
            "timestamp": 1732039100085,
            "isBuyerMaker": false,
            "isBestMatch": true
        },
        {
            "agg_trade_id": 211333589,
            "price": "0.20280000",
            "quantity": "6917.80000000",
            "first_trade_id": 304508407,
            "last_trade_id": 304508464,
            "timestamp": 1732039100163,
            "isBuyerMaker": false,
            "isBestMatch": true
        },
        {
            "agg_trade_id": 211333590,
            "price": "0.20280000",
            "quantity": "185.10000000",
            "first_trade_id": 304508465,
            "last_trade_id": 304508465,
            "timestamp": 1732039101210,
            "isBuyerMaker": true,
            "isBestMatch": true
        },
        {
            "agg_trade_id": 211333591,
            "price": "0.20290000",
            "quantity": "34.50000000",
            "first_trade_id": 304508466,
            "last_trade_id": 304508466,
            "timestamp": 1732039101852,
            "isBuyerMaker": false,
            "isBestMatch": true
        },
        {
            "agg_trade_id": 211333592,
            "price": "0.20290000",
            "quantity": "34.20000000",
            "first_trade_id": 304508467,
            "last_trade_id": 304508467,
            "timestamp": 1732039103469,
            "isBuyerMaker": false,
            "isBestMatch": true
        },
        {
            "agg_trade_id": 211333593,
            "price": "0.20280000",
            "quantity": "1233.00000000",
            "first_trade_id": 304508468,
            "last_trade_id": 304508468,
            "timestamp": 1732039107469,
            "isBuyerMaker": true,
            "isBestMatch": true
        },
        {
            "agg_trade_id": 211333594,
            "price": "0.20290000",
            "quantity": "50.40000000",
            "first_trade_id": 304508469,
            "last_trade_id": 304508469,
            "timestamp": 1732039109400,
            "isBuyerMaker": false,
            "isBestMatch": true
        },
        {
            "agg_trade_id": 211333595,
            "price": "0.20280000",
            "quantity": "92.70000000",
            "first_trade_id": 304508470,
            "last_trade_id": 304508470,
            "timestamp": 1732039110085,
            "isBuyerMaker": true,
            "isBestMatch": true
        },
        {
            "agg_trade_id": 211333596,
            "price": "0.20280000",
            "quantity": "162.60000000",
            "first_trade_id": 304508471,
            "last_trade_id": 304508471,
            "timestamp": 1732039112369,
            "isBuyerMaker": true,
            "isBestMatch": true
        },
        {
            "agg_trade_id": 211333597,
            "price": "0.20290000",
            "quantity": "62.00000000",
            "first_trade_id": 304508472,
            "last_trade_id": 304508472,
            "timestamp": 1732039114458,
            "isBuyerMaker": false,
            "isBestMatch": true
        },
        {
            "agg_trade_id": 211333598,
            "price": "0.20290000",
            "quantity": "31.00000000",
            "first_trade_id": 304508473,
            "last_trade_id": 304508473,
            "timestamp": 1732039117387,
            "isBuyerMaker": false,
            "isBestMatch": true
        },
        {
            "agg_trade_id": 211333599,
            "price": "0.20290000",
            "quantity": "635.50000000",
            "first_trade_id": 304508474,
            "last_trade_id": 304508474,
            "timestamp": 1732039117782,
            "isBuyerMaker": false,
            "isBestMatch": true
        },
        {
            "agg_trade_id": 211333600,
            "price": "0.20290000",
            "quantity": "492.50000000",
            "first_trade_id": 304508475,
            "last_trade_id": 304508475,
            "timestamp": 1732039118071,
            "isBuyerMaker": false,
            "isBestMatch": true
        },
        {
            "agg_trade_id": 211333601,
            "price": "0.20290000",
            "quantity": "102.10000000",
            "first_trade_id": 304508476,
            "last_trade_id": 304508476,
            "timestamp": 1732039118579,
            "isBuyerMaker": false,
            "isBestMatch": true
        },
        {
            "agg_trade_id": 211333602,
            "price": "0.20280000",
            "quantity": "1036.40000000",
            "first_trade_id": 304508477,
            "last_trade_id": 304508477,
            "timestamp": 1732039119276,
            "isBuyerMaker": true,
            "isBestMatch": true
        },
        {
            "agg_trade_id": 211333603,
            "price": "0.20280000",
            "quantity": "246.20000000",
            "first_trade_id": 304508478,
            "last_trade_id": 304508478,
            "timestamp": 1732039119537,
            "isBuyerMaker": true,
            "isBestMatch": true
        },
        {
            "agg_trade_id": 211333604,
            "price": "0.20290000",
            "quantity": "120.60000000",
            "first_trade_id": 304508479,
            "last_trade_id": 304508479,
            "timestamp": 1732039121634,
            "isBuyerMaker": false,
            "isBestMatch": true
        },
        {
            "agg_trade_id": 211333605,
            "price": "0.20280000",
            "quantity": "246.70000000",
            "first_trade_id": 304508480,
            "last_trade_id": 304508480,
            "timestamp": 1732039121674,
            "isBuyerMaker": true,
            "isBestMatch": true
        },
        {
            "agg_trade_id": 211333606,
            "price": "0.20290000",
            "quantity": "50.00000000",
            "first_trade_id": 304508481,
            "last_trade_id": 304508481,
            "timestamp": 1732039121912,
            "isBuyerMaker": false,
            "isBestMatch": true
        },
        {
            "agg_trade_id": 211333607,
            "price": "0.20290000",
            "quantity": "148.80000000",
            "first_trade_id": 304508482,
            "last_trade_id": 304508482,
            "timestamp": 1732039123729,
            "isBuyerMaker": false,
            "isBestMatch": true
        },
        {
            "agg_trade_id": 211333608,
            "price": "0.20290000",
            "quantity": "218.20000000",
            "first_trade_id": 304508483,
            "last_trade_id": 304508483,
            "timestamp": 1732039124325,
            "isBuyerMaker": false,
            "isBestMatch": true
        },
        {
            "agg_trade_id": 211333609,
            "price": "0.20290000",
            "quantity": "90.70000000",
            "first_trade_id": 304508484,
            "last_trade_id": 304508484,
            "timestamp": 1732039126014,
            "isBuyerMaker": false,
            "isBestMatch": true
        },
        {
            "agg_trade_id": 211333610,
            "price": "0.20290000",
            "quantity": "434.00000000",
            "first_trade_id": 304508485,
            "last_trade_id": 304508485,
            "timestamp": 1732039130998,
            "isBuyerMaker": false,
            "isBestMatch": true
        },
        {
            "agg_trade_id": 211333611,
            "price": "0.20280000",
            "quantity": "17511.60000000",
            "first_trade_id": 304508486,
            "last_trade_id": 304508486,
            "timestamp": 1732039135277,
            "isBuyerMaker": true,
            "isBestMatch": true
        },
        {
            "agg_trade_id": 211333612,
            "price": "0.20290000",
            "quantity": "2460.20000000",
            "first_trade_id": 304508487,
            "last_trade_id": 304508487,
            "timestamp": 1732039137532,
            "isBuyerMaker": false,
            "isBestMatch": true
        },
        {
            "agg_trade_id": 211333613,
            "price": "0.20290000",
            "quantity": "9601.40000000",
            "first_trade_id": 304508488,
            "last_trade_id": 304508488,
            "timestamp": 1732039137533,
            "isBuyerMaker": false,
            "isBestMatch": true
        },
        {
            "agg_trade_id": 211333614,
            "price": "0.20290000",
            "quantity": "9601.40000000",
            "first_trade_id": 304508489,
            "last_trade_id": 304508489,
            "timestamp": 1732039137533,
            "isBuyerMaker": false,
            "isBestMatch": true
        },
        {
            "agg_trade_id": 211333615,
            "price": "0.20290000",
            "quantity": "9601.40000000",
            "first_trade_id": 304508490,
            "last_trade_id": 304508490,
            "timestamp": 1732039137533,
            "isBuyerMaker": false,
            "isBestMatch": true
        },
        {
            "agg_trade_id": 211333616,
            "price": "0.20290000",
            "quantity": "9601.40000000",
            "first_trade_id": 304508491,
            "last_trade_id": 304508491,
            "timestamp": 1732039137533,
            "isBuyerMaker": false,
            "isBestMatch": true
        },
        {
            "agg_trade_id": 211333617,
            "price": "0.20290000",
            "quantity": "9601.40000000",
            "first_trade_id": 304508492,
            "last_trade_id": 304508493,
            "timestamp": 1732039137533,
            "isBuyerMaker": false,
            "isBestMatch": true
        },
        {
            "agg_trade_id": 211333618,
            "price": "0.20290000",
            "quantity": "9601.40000000",
            "first_trade_id": 304508494,
            "last_trade_id": 304508494,
            "timestamp": 1732039137533,
            "isBuyerMaker": false,
            "isBestMatch": true
        },
        {
            "agg_trade_id": 211333619,
            "price": "0.20290000",
            "quantity": "7139.50000000",
            "first_trade_id": 304508495,
            "last_trade_id": 304508495,
            "timestamp": 1732039137534,
            "isBuyerMaker": false,
            "isBestMatch": true
        },
        {
            "agg_trade_id": 211333620,
            "price": "0.20290000",
            "quantity": "9601.40000000",
            "first_trade_id": 304508496,
            "last_trade_id": 304508497,
            "timestamp": 1732039137534,
            "isBuyerMaker": false,
            "isBestMatch": true
        },
        {
            "agg_trade_id": 211333621,
            "price": "0.20290000",
            "quantity": "9601.40000000",
            "first_trade_id": 304508498,
            "last_trade_id": 304508507,
            "timestamp": 1732039137539,
            "isBuyerMaker": false,
            "isBestMatch": true
        },
        {
            "agg_trade_id": 211333622,
            "price": "0.20290000",
            "quantity": "104.30000000",
            "first_trade_id": 304508508,
            "last_trade_id": 304508508,
            "timestamp": 1732039137675,
            "isBuyerMaker": false,
            "isBestMatch": true
        },
        {
            "agg_trade_id": 211333623,
            "price": "0.20290000",
            "quantity": "310.90000000",
            "first_trade_id": 304508509,
            "last_trade_id": 304508509,
            "timestamp": 1732039141128,
            "isBuyerMaker": false,
            "isBestMatch": true
        },
        {
            "agg_trade_id": 211333624,
            "price": "0.20290000",
            "quantity": "246.30000000",
            "first_trade_id": 304508510,
            "last_trade_id": 304508510,
            "timestamp": 1732039143551,
            "isBuyerMaker": false,
            "isBestMatch": true
        },
        {
            "agg_trade_id": 211333625,
            "price": "0.20290000",
            "quantity": "35.60000000",
            "first_trade_id": 304508511,
            "last_trade_id": 304508511,
            "timestamp": 1732039144262,
            "isBuyerMaker": false,
            "isBestMatch": true
        },
        {
            "agg_trade_id": 211333626,
            "price": "0.20290000",
            "quantity": "73.90000000",
            "first_trade_id": 304508512,
            "last_trade_id": 304508512,
            "timestamp": 1732039144700,
            "isBuyerMaker": false,
            "isBestMatch": true
        },
        {
            "agg_trade_id": 211333627,
            "price": "0.20280000",
            "quantity": "1918.00000000",
            "first_trade_id": 304508513,
            "last_trade_id": 304508513,
            "timestamp": 1732039144820,
            "isBuyerMaker": true,
            "isBestMatch": true
        },
        {
            "agg_trade_id": 211333628,
            "price": "0.20290000",
            "quantity": "78.10000000",
            "first_trade_id": 304508514,
            "last_trade_id": 304508514,
            "timestamp": 1732039145799,
            "isBuyerMaker": false,
            "isBestMatch": true
        },
        {
            "agg_trade_id": 211333629,
            "price": "0.20290000",
            "quantity": "570.40000000",
            "first_trade_id": 304508515,
            "last_trade_id": 304508515,
            "timestamp": 1732039147698,
            "isBuyerMaker": false,
            "isBestMatch": true
        },
        {
            "agg_trade_id": 211333630,
            "price": "0.20290000",
            "quantity": "70.70000000",
            "first_trade_id": 304508516,
            "last_trade_id": 304508516,
            "timestamp": 1732039147971,
            "isBuyerMaker": false,
            "isBestMatch": true
        },
        {
            "agg_trade_id": 211333631,
            "price": "0.20290000",
            "quantity": "109.90000000",
            "first_trade_id": 304508517,
            "last_trade_id": 304508517,
            "timestamp": 1732039149116,
            "isBuyerMaker": false,
            "isBestMatch": true
        },
        {
            "agg_trade_id": 211333632,
            "price": "0.20290000",
            "quantity": "50.00000000",
            "first_trade_id": 304508518,
            "last_trade_id": 304508518,
            "timestamp": 1732039149223,
            "isBuyerMaker": false,
            "isBestMatch": true
        },
        {
            "agg_trade_id": 211333633,
            "price": "0.20290000",
            "quantity": "346.40000000",
            "first_trade_id": 304508519,
            "last_trade_id": 304508519,
            "timestamp": 1732039151570,
            "isBuyerMaker": false,
            "isBestMatch": true
        },
        {
            "agg_trade_id": 211333634,
            "price": "0.20290000",
            "quantity": "34.70000000",
            "first_trade_id": 304508520,
            "last_trade_id": 304508520,
            "timestamp": 1732039153188,
            "isBuyerMaker": false,
            "isBestMatch": true
        },
        {
            "agg_trade_id": 211333635,
            "price": "0.20280000",
            "quantity": "39.40000000",
            "first_trade_id": 304508521,
            "last_trade_id": 304508521,
            "timestamp": 1732039153981,
            "isBuyerMaker": true,
            "isBestMatch": true
        },
        {
            "agg_trade_id": 211333636,
            "price": "0.20280000",
            "quantity": "133.00000000",
            "first_trade_id": 304508522,
            "last_trade_id": 304508522,
            "timestamp": 1732039154197,
            "isBuyerMaker": true,
            "isBestMatch": true
        },
        {
            "agg_trade_id": 211333637,
            "price": "0.20280000",
            "quantity": "50.00000000",
            "first_trade_id": 304508523,
            "last_trade_id": 304508523,
            "timestamp": 1732039156352,
            "isBuyerMaker": true,
            "isBestMatch": true
        },
        {
            "agg_trade_id": 211333638,
            "price": "0.20290000",
            "quantity": "72.70000000",
            "first_trade_id": 304508524,
            "last_trade_id": 304508524,
            "timestamp": 1732039157610,
            "isBuyerMaker": false,
            "isBestMatch": true
        },
        {
            "agg_trade_id": 211333639,
            "price": "0.20280000",
            "quantity": "100.60000000",
            "first_trade_id": 304508525,
            "last_trade_id": 304508525,
            "timestamp": 1732039158281,
            "isBuyerMaker": true,
            "isBestMatch": true
        },
        {
            "agg_trade_id": 211333640,
            "price": "0.20280000",
            "quantity": "236.30000000",
            "first_trade_id": 304508526,
            "last_trade_id": 304508526,
            "timestamp": 1732039158929,
            "isBuyerMaker": true,
            "isBestMatch": true
        },
        {
            "agg_trade_id": 211333641,
            "price": "0.20280000",
            "quantity": "936.40000000",
            "first_trade_id": 304508527,
            "last_trade_id": 304508527,
            "timestamp": 1732039162111,
            "isBuyerMaker": true,
            "isBestMatch": true
        },
        {
            "agg_trade_id": 211333642,
            "price": "0.20290000",
            "quantity": "27.30000000",
            "first_trade_id": 304508528,
            "last_trade_id": 304508528,
            "timestamp": 1732039164037,
            "isBuyerMaker": false,
            "isBestMatch": true
        },
        {
            "agg_trade_id": 211333643,
            "price": "0.20280000",
            "quantity": "70.00000000",
            "first_trade_id": 304508529,
            "last_trade_id": 304508529,
            "timestamp": 1732039164614,
            "isBuyerMaker": true,
            "isBestMatch": true
        },
        {
            "agg_trade_id": 211333644,
            "price": "0.20290000",
            "quantity": "207.60000000",
            "first_trade_id": 304508530,
            "last_trade_id": 304508531,
            "timestamp": 1732039165025,
            "isBuyerMaker": false,
            "isBestMatch": true
        },
        {
            "agg_trade_id": 211333645,
            "price": "0.20290000",
            "quantity": "412.00000000",
            "first_trade_id": 304508532,
            "last_trade_id": 304508532,
            "timestamp": 1732039166367,
            "isBuyerMaker": false,
            "isBestMatch": true
        },
        {
            "agg_trade_id": 211333646,
            "price": "0.20290000",
            "quantity": "246.40000000",
            "first_trade_id": 304508533,
            "last_trade_id": 304508533,
            "timestamp": 1732039167595,
            "isBuyerMaker": false,
            "isBestMatch": true
        },
        {
            "agg_trade_id": 211333647,
            "price": "0.20290000",
            "quantity": "1297.00000000",
            "first_trade_id": 304508534,
            "last_trade_id": 304508534,
            "timestamp": 1732039167674,
            "isBuyerMaker": false,
            "isBestMatch": true
        },
        {
            "agg_trade_id": 211333648,
            "price": "0.20280000",
            "quantity": "72.80000000",
            "first_trade_id": 304508535,
            "last_trade_id": 304508535,
            "timestamp": 1732039168275,
            "isBuyerMaker": true,
            "isBestMatch": true
        },
        {
            "agg_trade_id": 211333649,
            "price": "0.20290000",
            "quantity": "648.10000000",
            "first_trade_id": 304508536,
            "last_trade_id": 304508536,
            "timestamp": 1732039168498,
            "isBuyerMaker": false,
            "isBestMatch": true
        },
        {
            "agg_trade_id": 211333650,
            "price": "0.20290000",
            "quantity": "33.80000000",
            "first_trade_id": 304508537,
            "last_trade_id": 304508537,
            "timestamp": 1732039168803,
            "isBuyerMaker": false,
            "isBestMatch": true
        },
        {
            "agg_trade_id": 211333651,
            "price": "0.20290000",
            "quantity": "239.00000000",
            "first_trade_id": 304508538,
            "last_trade_id": 304508538,
            "timestamp": 1732039169058,
            "isBuyerMaker": false,
            "isBestMatch": true
        },
        {
            "agg_trade_id": 211333652,
            "price": "0.20280000",
            "quantity": "344.80000000",
            "first_trade_id": 304508539,
            "last_trade_id": 304508539,
            "timestamp": 1732039169275,
            "isBuyerMaker": true,
            "isBestMatch": true
        },
        {
            "agg_trade_id": 211333653,
            "price": "0.20280000",
            "quantity": "29.50000000",
            "first_trade_id": 304508540,
            "last_trade_id": 304508540,
            "timestamp": 1732039173196,
            "isBuyerMaker": true,
            "isBestMatch": true
        },
        {
            "agg_trade_id": 211333654,
            "price": "0.20290000",
            "quantity": "196.90000000",
            "first_trade_id": 304508541,
            "last_trade_id": 304508541,
            "timestamp": 1732039173584,
            "isBuyerMaker": false,
            "isBestMatch": true
        },
        {
            "agg_trade_id": 211333655,
            "price": "0.20290000",
            "quantity": "907.60000000",
            "first_trade_id": 304508542,
            "last_trade_id": 304508542,
            "timestamp": 1732039174772,
            "isBuyerMaker": false,
            "isBestMatch": true
        },
        {
            "agg_trade_id": 211333656,
            "price": "0.20280000",
            "quantity": "810.80000000",
            "first_trade_id": 304508543,
            "last_trade_id": 304508543,
            "timestamp": 1732039175275,
            "isBuyerMaker": true,
            "isBestMatch": true
        },
        {
            "agg_trade_id": 211333657,
            "price": "0.20280000",
            "quantity": "98.20000000",
            "first_trade_id": 304508544,
            "last_trade_id": 304508544,
            "timestamp": 1732039175892,
            "isBuyerMaker": true,
            "isBestMatch": true
        },
        {
            "agg_trade_id": 211333658,
            "price": "0.20280000",
            "quantity": "283.30000000",
            "first_trade_id": 304508545,
            "last_trade_id": 304508545,
            "timestamp": 1732039176200,
            "isBuyerMaker": true,
            "isBestMatch": true
        },
        {
            "agg_trade_id": 211333659,
            "price": "0.20280000",
            "quantity": "142.30000000",
            "first_trade_id": 304508546,
            "last_trade_id": 304508546,
            "timestamp": 1732039176275,
            "isBuyerMaker": true,
            "isBestMatch": true
        },
        {
            "agg_trade_id": 211333660,
            "price": "0.20280000",
            "quantity": "110.00000000",
            "first_trade_id": 304508547,
            "last_trade_id": 304508547,
            "timestamp": 1732039176629,
            "isBuyerMaker": true,
            "isBestMatch": true
        },
        {
            "agg_trade_id": 211333661,
            "price": "0.20290000",
            "quantity": "49.20000000",
            "first_trade_id": 304508548,
            "last_trade_id": 304508548,
            "timestamp": 1732039177319,
            "isBuyerMaker": false,
            "isBestMatch": true
        },
        {
            "agg_trade_id": 211333662,
            "price": "0.20280000",
            "quantity": "31.00000000",
            "first_trade_id": 304508549,
            "last_trade_id": 304508549,
            "timestamp": 1732039178157,
            "isBuyerMaker": true,
            "isBestMatch": true
        },
        {
            "agg_trade_id": 211333663,
            "price": "0.20290000",
            "quantity": "32.60000000",
            "first_trade_id": 304508550,
            "last_trade_id": 304508550,
            "timestamp": 1732039178859,
            "isBuyerMaker": false,
            "isBestMatch": true
        },
        {
            "agg_trade_id": 211333664,
            "price": "0.20290000",
            "quantity": "144.70000000",
            "first_trade_id": 304508551,
            "last_trade_id": 304508551,
            "timestamp": 1732039179622,
            "isBuyerMaker": false,
            "isBestMatch": true
        },
        {
            "agg_trade_id": 211333665,
            "price": "0.20280000",
            "quantity": "301.40000000",
            "first_trade_id": 304508552,
            "last_trade_id": 304508552,
            "timestamp": 1732039182276,
            "isBuyerMaker": true,
            "isBestMatch": true
        },
        {
            "agg_trade_id": 211333666,
            "price": "0.20290000",
            "quantity": "70.10000000",
            "first_trade_id": 304508553,
            "last_trade_id": 304508553,
            "timestamp": 1732039183604,
            "isBuyerMaker": false,
            "isBestMatch": true
        },
        {
            "agg_trade_id": 211333667,
            "price": "0.20290000",
            "quantity": "215.00000000",
            "first_trade_id": 304508554,
            "last_trade_id": 304508554,
            "timestamp": 1732039185119,
            "isBuyerMaker": false,
            "isBestMatch": true
        },
        {
            "agg_trade_id": 211333668,
            "price": "0.20290000",
            "quantity": "40.20000000",
            "first_trade_id": 304508555,
            "last_trade_id": 304508555,
            "timestamp": 1732039185571,
            "isBuyerMaker": false,
            "isBestMatch": true
        },
        {
            "agg_trade_id": 211333669,
            "price": "0.20290000",
            "quantity": "246.40000000",
            "first_trade_id": 304508556,
            "last_trade_id": 304508556,
            "timestamp": 1732039190356,
            "isBuyerMaker": false,
            "isBestMatch": true
        },
        {
            "agg_trade_id": 211333670,
            "price": "0.20290000",
            "quantity": "246.00000000",
            "first_trade_id": 304508557,
            "last_trade_id": 304508557,
            "timestamp": 1732039192572,
            "isBuyerMaker": false,
            "isBestMatch": true
        },
        {
            "agg_trade_id": 211333671,
            "price": "0.20290000",
            "quantity": "115.50000000",
            "first_trade_id": 304508558,
            "last_trade_id": 304508558,
            "timestamp": 1732039192622,
            "isBuyerMaker": false,
            "isBestMatch": true
        },
        {
            "agg_trade_id": 211333672,
            "price": "0.20280000",
            "quantity": "379.20000000",
            "first_trade_id": 304508559,
            "last_trade_id": 304508559,
            "timestamp": 1732039195277,
            "isBuyerMaker": true,
            "isBestMatch": true
        },
        {
            "agg_trade_id": 211333673,
            "price": "0.20280000",
            "quantity": "392.50000000",
            "first_trade_id": 304508560,
            "last_trade_id": 304508560,
            "timestamp": 1732039195980,
            "isBuyerMaker": true,
            "isBestMatch": true
        },
        {
            "agg_trade_id": 211333674,
            "price": "0.20290000",
            "quantity": "131.20000000",
            "first_trade_id": 304508561,
            "last_trade_id": 304508561,
            "timestamp": 1732039198042,
            "isBuyerMaker": false,
            "isBestMatch": true
        },
        {
            "agg_trade_id": 211333675,
            "price": "0.20280000",
            "quantity": "99.30000000",
            "first_trade_id": 304508562,
            "last_trade_id": 304508562,
            "timestamp": 1732039198182,
            "isBuyerMaker": true,
            "isBestMatch": true
        },
        {
            "agg_trade_id": 211333676,
            "price": "0.20290000",
            "quantity": "41.60000000",
            "first_trade_id": 304508563,
            "last_trade_id": 304508563,
            "timestamp": 1732039198294,
            "isBuyerMaker": false,
            "isBestMatch": true
        },
        {
            "agg_trade_id": 211333677,
            "price": "0.20290000",
            "quantity": "125.10000000",
            "first_trade_id": 304508564,
            "last_trade_id": 304508564,
            "timestamp": 1732039201300,
            "isBuyerMaker": false,
            "isBestMatch": true
        },
        {
            "agg_trade_id": 211333678,
            "price": "0.20290000",
            "quantity": "84.90000000",
            "first_trade_id": 304508565,
            "last_trade_id": 304508565,
            "timestamp": 1732039202975,
            "isBuyerMaker": false,
            "isBestMatch": true
        },
        {
            "agg_trade_id": 211333679,
            "price": "0.20280000",
            "quantity": "186.00000000",
            "first_trade_id": 304508566,
            "last_trade_id": 304508566,
            "timestamp": 1732039203174,
            "isBuyerMaker": true,
            "isBestMatch": true
        },
        {
            "agg_trade_id": 211333680,
            "price": "0.20280000",
            "quantity": "126.20000000",
            "first_trade_id": 304508567,
            "last_trade_id": 304508567,
            "timestamp": 1732039204656,
            "isBuyerMaker": true,
            "isBestMatch": true
        },
        {
            "agg_trade_id": 211333681,
            "price": "0.20280000",
            "quantity": "33.00000000",
            "first_trade_id": 304508568,
            "last_trade_id": 304508568,
            "timestamp": 1732039204944,
            "isBuyerMaker": true,
            "isBestMatch": true
        },
        {
            "agg_trade_id": 211333682,
            "price": "0.20290000",
            "quantity": "492.80000000",
            "first_trade_id": 304508569,
            "last_trade_id": 304508569,
            "timestamp": 1732039205471,
            "isBuyerMaker": false,
            "isBestMatch": true
        },
        {
            "agg_trade_id": 211333683,
            "price": "0.20290000",
            "quantity": "686.40000000",
            "first_trade_id": 304508570,
            "last_trade_id": 304508570,
            "timestamp": 1732039205923,
            "isBuyerMaker": false,
            "isBestMatch": true
        },
        {
            "agg_trade_id": 211333684,
            "price": "0.20290000",
            "quantity": "144.70000000",
            "first_trade_id": 304508571,
            "last_trade_id": 304508571,
            "timestamp": 1732039206164,
            "isBuyerMaker": false,
            "isBestMatch": true
        },
        {
            "agg_trade_id": 211333685,
            "price": "0.20290000",
            "quantity": "36.40000000",
            "first_trade_id": 304508572,
            "last_trade_id": 304508572,
            "timestamp": 1732039207249,
            "isBuyerMaker": false,
            "isBestMatch": true
        },
        {
            "agg_trade_id": 211333686,
            "price": "0.20280000",
            "quantity": "378.00000000",
            "first_trade_id": 304508573,
            "last_trade_id": 304508573,
            "timestamp": 1732039207318,
            "isBuyerMaker": true,
            "isBestMatch": true
        },
        {
            "agg_trade_id": 211333687,
            "price": "0.20280000",
            "quantity": "30.50000000",
            "first_trade_id": 304508574,
            "last_trade_id": 304508574,
            "timestamp": 1732039210364,
            "isBuyerMaker": true,
            "isBestMatch": true
        },
        {
            "agg_trade_id": 211333688,
            "price": "0.20290000",
            "quantity": "133.10000000",
            "first_trade_id": 304508575,
            "last_trade_id": 304508575,
            "timestamp": 1732039210589,
            "isBuyerMaker": false,
            "isBestMatch": true
        },
        {
            "agg_trade_id": 211333689,
            "price": "0.20290000",
            "quantity": "80.00000000",
            "first_trade_id": 304508576,
            "last_trade_id": 304508576,
            "timestamp": 1732039211151,
            "isBuyerMaker": false,
            "isBestMatch": true
        },
        {
            "agg_trade_id": 211333690,
            "price": "0.20290000",
            "quantity": "59.80000000",
            "first_trade_id": 304508577,
            "last_trade_id": 304508577,
            "timestamp": 1732039212400,
            "isBuyerMaker": false,
            "isBestMatch": true
        },
        {
            "agg_trade_id": 211333691,
            "price": "0.20290000",
            "quantity": "112.90000000",
            "first_trade_id": 304508578,
            "last_trade_id": 304508578,
            "timestamp": 1732039214252,
            "isBuyerMaker": false,
            "isBestMatch": true
        },
        {
            "agg_trade_id": 211333692,
            "price": "0.20280000",
            "quantity": "39.40000000",
            "first_trade_id": 304508579,
            "last_trade_id": 304508579,
            "timestamp": 1732039214969,
            "isBuyerMaker": true,
            "isBestMatch": true
        },
        {
            "agg_trade_id": 211333693,
            "price": "0.20290000",
            "quantity": "48.40000000",
            "first_trade_id": 304508580,
            "last_trade_id": 304508580,
            "timestamp": 1732039215344,
            "isBuyerMaker": false,
            "isBestMatch": true
        },
        {
            "agg_trade_id": 211333694,
            "price": "0.20280000",
            "quantity": "725.50000000",
            "first_trade_id": 304508581,
            "last_trade_id": 304508581,
            "timestamp": 1732039217662,
            "isBuyerMaker": true,
            "isBestMatch": true
        },
        {
            "agg_trade_id": 211333695,
            "price": "0.20290000",
            "quantity": "52.20000000",
            "first_trade_id": 304508582,
            "last_trade_id": 304508582,
            "timestamp": 1732039218757,
            "isBuyerMaker": false,
            "isBestMatch": true
        },
        {
            "agg_trade_id": 211333696,
            "price": "0.20280000",
            "quantity": "316.80000000",
            "first_trade_id": 304508583,
            "last_trade_id": 304508583,
            "timestamp": 1732039221466,
            "isBuyerMaker": true,
            "isBestMatch": true
        },
        {
            "agg_trade_id": 211333697,
            "price": "0.20290000",
            "quantity": "26.80000000",
            "first_trade_id": 304508584,
            "last_trade_id": 304508584,
            "timestamp": 1732039221979,
            "isBuyerMaker": false,
            "isBestMatch": true
        },
        {
            "agg_trade_id": 211333698,
            "price": "0.20280000",
            "quantity": "32.10000000",
            "first_trade_id": 304508585,
            "last_trade_id": 304508585,
            "timestamp": 1732039222271,
            "isBuyerMaker": true,
            "isBestMatch": true
        },
        {
            "agg_trade_id": 211333699,
            "price": "0.20290000",
            "quantity": "177.20000000",
            "first_trade_id": 304508586,
            "last_trade_id": 304508586,
            "timestamp": 1732039222427,
            "isBuyerMaker": false,
            "isBestMatch": true
        },
        {
            "agg_trade_id": 211333700,
            "price": "0.20290000",
            "quantity": "48.20000000",
            "first_trade_id": 304508587,
            "last_trade_id": 304508587,
            "timestamp": 1732039223794,
            "isBuyerMaker": false,
            "isBestMatch": true
        },
        {
            "agg_trade_id": 211333701,
            "price": "0.20280000",
            "quantity": "125.00000000",
            "first_trade_id": 304508588,
            "last_trade_id": 304508588,
            "timestamp": 1732039224399,
            "isBuyerMaker": true,
            "isBestMatch": true
        },
        {
            "agg_trade_id": 211333702,
            "price": "0.20280000",
            "quantity": "40.00000000",
            "first_trade_id": 304508589,
            "last_trade_id": 304508589,
            "timestamp": 1732039225198,
            "isBuyerMaker": true,
            "isBestMatch": true
        },
        {
            "agg_trade_id": 211333703,
            "price": "0.20280000",
            "quantity": "103.80000000",
            "first_trade_id": 304508590,
            "last_trade_id": 304508590,
            "timestamp": 1732039226110,
            "isBuyerMaker": true,
            "isBestMatch": true
        },
        {
            "agg_trade_id": 211333704,
            "price": "0.20290000",
            "quantity": "60.30000000",
            "first_trade_id": 304508591,
            "last_trade_id": 304508591,
            "timestamp": 1732039226735,
            "isBuyerMaker": false,
            "isBestMatch": true
        },
        {
            "agg_trade_id": 211333705,
            "price": "0.20280000",
            "quantity": "362.50000000",
            "first_trade_id": 304508592,
            "last_trade_id": 304508592,
            "timestamp": 1732039227051,
            "isBuyerMaker": true,
            "isBestMatch": true
        },
        {
            "agg_trade_id": 211333706,
            "price": "0.20280000",
            "quantity": "54.00000000",
            "first_trade_id": 304508593,
            "last_trade_id": 304508593,
            "timestamp": 1732039227628,
            "isBuyerMaker": true,
            "isBestMatch": true
        },
        {
            "agg_trade_id": 211333707,
            "price": "0.20290000",
            "quantity": "43.90000000",
            "first_trade_id": 304508594,
            "last_trade_id": 304508594,
            "timestamp": 1732039228160,
            "isBuyerMaker": false,
            "isBestMatch": true
        },
        {
            "agg_trade_id": 211333708,
            "price": "0.20290000",
            "quantity": "837.00000000",
            "first_trade_id": 304508595,
            "last_trade_id": 304508595,
            "timestamp": 1732039232442,
            "isBuyerMaker": false,
            "isBestMatch": true
        },
        {
            "agg_trade_id": 211333709,
            "price": "0.20290000",
            "quantity": "1292.10000000",
            "first_trade_id": 304508596,
            "last_trade_id": 304508596,
            "timestamp": 1732039232726,
            "isBuyerMaker": false,
            "isBestMatch": true
        },
        {
            "agg_trade_id": 211333710,
            "price": "0.20290000",
            "quantity": "1734.90000000",
            "first_trade_id": 304508597,
            "last_trade_id": 304508597,
            "timestamp": 1732039233242,
            "isBuyerMaker": false,
            "isBestMatch": true
        },
        {
            "agg_trade_id": 211333711,
            "price": "0.20290000",
            "quantity": "140.30000000",
            "first_trade_id": 304508598,
            "last_trade_id": 304508598,
            "timestamp": 1732039233480,
            "isBuyerMaker": false,
            "isBestMatch": true
        },
        {
            "agg_trade_id": 211333712,
            "price": "0.20290000",
            "quantity": "398.90000000",
            "first_trade_id": 304508599,
            "last_trade_id": 304508599,
            "timestamp": 1732039234648,
            "isBuyerMaker": false,
            "isBestMatch": true
        },
        {
            "agg_trade_id": 211333713,
            "price": "0.20290000",
            "quantity": "169.80000000",
            "first_trade_id": 304508600,
            "last_trade_id": 304508600,
            "timestamp": 1732039234772,
            "isBuyerMaker": false,
            "isBestMatch": true
        },
        {
            "agg_trade_id": 211333714,
            "price": "0.20280000",
            "quantity": "104.10000000",
            "first_trade_id": 304508601,
            "last_trade_id": 304508601,
            "timestamp": 1732039236280,
            "isBuyerMaker": true,
            "isBestMatch": true
        },
        {
            "agg_trade_id": 211333715,
            "price": "0.20290000",
            "quantity": "72.00000000",
            "first_trade_id": 304508602,
            "last_trade_id": 304508602,
            "timestamp": 1732039236678,
            "isBuyerMaker": false,
            "isBestMatch": true
        },
        {
            "agg_trade_id": 211333716,
            "price": "0.20280000",
            "quantity": "104.10000000",
            "first_trade_id": 304508603,
            "last_trade_id": 304508603,
            "timestamp": 1732039238440,
            "isBuyerMaker": true,
            "isBestMatch": true
        },
        {
            "agg_trade_id": 211333717,
            "price": "0.20280000",
            "quantity": "246.50000000",
            "first_trade_id": 304508604,
            "last_trade_id": 304508604,
            "timestamp": 1732039238772,
            "isBuyerMaker": true,
            "isBestMatch": true
        },
        {
            "agg_trade_id": 211333718,
            "price": "0.20280000",
            "quantity": "104.10000000",
            "first_trade_id": 304508605,
            "last_trade_id": 304508605,
            "timestamp": 1732039239241,
            "isBuyerMaker": true,
            "isBestMatch": true
        },
        {
            "agg_trade_id": 211333719,
            "price": "0.20290000",
            "quantity": "140.70000000",
            "first_trade_id": 304508606,
            "last_trade_id": 304508606,
            "timestamp": 1732039239286,
            "isBuyerMaker": false,
            "isBestMatch": true
        },
        {
            "agg_trade_id": 211333720,
            "price": "0.20280000",
            "quantity": "146.10000000",
            "first_trade_id": 304508607,
            "last_trade_id": 304508607,
            "timestamp": 1732039239386,
            "isBuyerMaker": true,
            "isBestMatch": true
        },
        {
            "agg_trade_id": 211333721,
            "price": "0.20280000",
            "quantity": "946.20000000",
            "first_trade_id": 304508608,
            "last_trade_id": 304508608,
            "timestamp": 1732039239419,
            "isBuyerMaker": true,
            "isBestMatch": true
        },
        {
            "agg_trade_id": 211333722,
            "price": "0.20290000",
            "quantity": "24.90000000",
            "first_trade_id": 304508609,
            "last_trade_id": 304508609,
            "timestamp": 1732039241846,
            "isBuyerMaker": false,
            "isBestMatch": true
        },
        {
            "agg_trade_id": 211333723,
            "price": "0.20280000",
            "quantity": "138.70000000",
            "first_trade_id": 304508610,
            "last_trade_id": 304508610,
            "timestamp": 1732039242285,
            "isBuyerMaker": true,
            "isBestMatch": true
        },
        {
            "agg_trade_id": 211333724,
            "price": "0.20280000",
            "quantity": "50.00000000",
            "first_trade_id": 304508611,
            "last_trade_id": 304508611,
            "timestamp": 1732039242851,
            "isBuyerMaker": true,
            "isBestMatch": true
        },
        {
            "agg_trade_id": 211333725,
            "price": "0.20290000",
            "quantity": "49.50000000",
            "first_trade_id": 304508612,
            "last_trade_id": 304508612,
            "timestamp": 1732039243116,
            "isBuyerMaker": false,
            "isBestMatch": true
        },
        {
            "agg_trade_id": 211333726,
            "price": "0.20280000",
            "quantity": "171.00000000",
            "first_trade_id": 304508613,
            "last_trade_id": 304508613,
            "timestamp": 1732039243441,
            "isBuyerMaker": true,
            "isBestMatch": true
        },
        {
            "agg_trade_id": 211333727,
            "price": "0.20290000",
            "quantity": "38.30000000",
            "first_trade_id": 304508614,
            "last_trade_id": 304508614,
            "timestamp": 1732039244645,
            "isBuyerMaker": false,
            "isBestMatch": true
        },
        {
            "agg_trade_id": 211333728,
            "price": "0.20290000",
            "quantity": "72.80000000",
            "first_trade_id": 304508615,
            "last_trade_id": 304508615,
            "timestamp": 1732039245100,
            "isBuyerMaker": false,
            "isBestMatch": true
        },
        {
            "agg_trade_id": 211333729,
            "price": "0.20290000",
            "quantity": "150.90000000",
            "first_trade_id": 304508616,
            "last_trade_id": 304508616,
            "timestamp": 1732039246862,
            "isBuyerMaker": false,
            "isBestMatch": true
        },
        {
            "agg_trade_id": 211333730,
            "price": "0.20290000",
            "quantity": "57.30000000",
            "first_trade_id": 304508617,
            "last_trade_id": 304508617,
            "timestamp": 1732039248088,
            "isBuyerMaker": false,
            "isBestMatch": true
        },
        {
            "agg_trade_id": 211333731,
            "price": "0.20290000",
            "quantity": "203.30000000",
            "first_trade_id": 304508618,
            "last_trade_id": 304508618,
            "timestamp": 1732039249314,
            "isBuyerMaker": false,
            "isBestMatch": true
        },
        {
            "agg_trade_id": 211333732,
            "price": "0.20290000",
            "quantity": "59.50000000",
            "first_trade_id": 304508619,
            "last_trade_id": 304508619,
            "timestamp": 1732039250141,
            "isBuyerMaker": false,
            "isBestMatch": true
        },
        {
            "agg_trade_id": 211333733,
            "price": "0.20280000",
            "quantity": "25.70000000",
            "first_trade_id": 304508620,
            "last_trade_id": 304508620,
            "timestamp": 1732039250809,
            "isBuyerMaker": true,
            "isBestMatch": true
        },
        {
            "agg_trade_id": 211333734,
            "price": "0.20290000",
            "quantity": "57.00000000",
            "first_trade_id": 304508621,
            "last_trade_id": 304508621,
            "timestamp": 1732039251794,
            "isBuyerMaker": false,
            "isBestMatch": true
        },
        {
            "agg_trade_id": 211333735,
            "price": "0.20290000",
            "quantity": "49.20000000",
            "first_trade_id": 304508622,
            "last_trade_id": 304508622,
            "timestamp": 1732039253737,
            "isBuyerMaker": false,
            "isBestMatch": true
        },
        {
            "agg_trade_id": 211333736,
            "price": "0.20290000",
            "quantity": "73.10000000",
            "first_trade_id": 304508623,
            "last_trade_id": 304508623,
            "timestamp": 1732039254086,
            "isBuyerMaker": false,
            "isBestMatch": true
        },
        {
            "agg_trade_id": 211333737,
            "price": "0.20290000",
            "quantity": "443.30000000",
            "first_trade_id": 304508624,
            "last_trade_id": 304508624,
            "timestamp": 1732039254652,
            "isBuyerMaker": false,
            "isBestMatch": true
        },
        {
            "agg_trade_id": 211333738,
            "price": "0.20290000",
            "quantity": "42.10000000",
            "first_trade_id": 304508625,
            "last_trade_id": 304508625,
            "timestamp": 1732039254716,
            "isBuyerMaker": false,
            "isBestMatch": true
        },
        {
            "agg_trade_id": 211333739,
            "price": "0.20290000",
            "quantity": "470.10000000",
            "first_trade_id": 304508626,
            "last_trade_id": 304508626,
            "timestamp": 1732039258543,
            "isBuyerMaker": false,
            "isBestMatch": true
        },
        {
            "agg_trade_id": 211333740,
            "price": "0.20290000",
            "quantity": "847.90000000",
            "first_trade_id": 304508627,
            "last_trade_id": 304508627,
            "timestamp": 1732039258550,
            "isBuyerMaker": false,
            "isBestMatch": true
        },
        {
            "agg_trade_id": 211333741,
            "price": "0.20280000",
            "quantity": "542.90000000",
            "first_trade_id": 304508628,
            "last_trade_id": 304508628,
            "timestamp": 1732039258571,
            "isBuyerMaker": true,
            "isBestMatch": true
        },
        {
            "agg_trade_id": 211333742,
            "price": "0.20290000",
            "quantity": "1408.30000000",
            "first_trade_id": 304508629,
            "last_trade_id": 304508629,
            "timestamp": 1732039258572,
            "isBuyerMaker": false,
            "isBestMatch": true
        },
        {
            "agg_trade_id": 211333743,
            "price": "0.20290000",
            "quantity": "3263.20000000",
            "first_trade_id": 304508630,
            "last_trade_id": 304508630,
            "timestamp": 1732039258643,
            "isBuyerMaker": false,
            "isBestMatch": true
        },
        {
            "agg_trade_id": 211333744,
            "price": "0.20280000",
            "quantity": "398.80000000",
            "first_trade_id": 304508631,
            "last_trade_id": 304508631,
            "timestamp": 1732039259493,
            "isBuyerMaker": true,
            "isBestMatch": true
        },
        {
            "agg_trade_id": 211333745,
            "price": "0.20290000",
            "quantity": "337.00000000",
            "first_trade_id": 304508632,
            "last_trade_id": 304508632,
            "timestamp": 1732039259596,
            "isBuyerMaker": false,
            "isBestMatch": true
        },
        {
            "agg_trade_id": 211333746,
            "price": "0.20280000",
            "quantity": "735.60000000",
            "first_trade_id": 304508633,
            "last_trade_id": 304508633,
            "timestamp": 1732039260318,
            "isBuyerMaker": true,
            "isBestMatch": true
        },
        {
            "agg_trade_id": 211333747,
            "price": "0.20290000",
            "quantity": "72.10000000",
            "first_trade_id": 304508634,
            "last_trade_id": 304508634,
            "timestamp": 1732039261939,
            "isBuyerMaker": false,
            "isBestMatch": true
        },
        {
            "agg_trade_id": 211333748,
            "price": "0.20280000",
            "quantity": "49.10000000",
            "first_trade_id": 304508635,
            "last_trade_id": 304508635,
            "timestamp": 1732039262289,
            "isBuyerMaker": true,
            "isBestMatch": true
        },
        {
            "agg_trade_id": 211333749,
            "price": "0.20290000",
            "quantity": "550.70000000",
            "first_trade_id": 304508636,
            "last_trade_id": 304508636,
            "timestamp": 1732039262982,
            "isBuyerMaker": false,
            "isBestMatch": true
        },
        {
            "agg_trade_id": 211333750,
            "price": "0.20290000",
            "quantity": "187.70000000",
            "first_trade_id": 304508637,
            "last_trade_id": 304508637,
            "timestamp": 1732039262999,
            "isBuyerMaker": false,
            "isBestMatch": true
        },
        {
            "agg_trade_id": 211333751,
            "price": "0.20290000",
            "quantity": "153.50000000",
            "first_trade_id": 304508638,
            "last_trade_id": 304508638,
            "timestamp": 1732039263336,
            "isBuyerMaker": false,
            "isBestMatch": true
        },
        {
            "agg_trade_id": 211333752,
            "price": "0.20280000",
            "quantity": "2941.00000000",
            "first_trade_id": 304508639,
            "last_trade_id": 304508639,
            "timestamp": 1732039263542,
            "isBuyerMaker": true,
            "isBestMatch": true
        },
        {
            "agg_trade_id": 211333753,
            "price": "0.20280000",
            "quantity": "500.00000000",
            "first_trade_id": 304508640,
            "last_trade_id": 304508640,
            "timestamp": 1732039263564,
            "isBuyerMaker": true,
            "isBestMatch": true
        },
        {
            "agg_trade_id": 211333754,
            "price": "0.20290000",
            "quantity": "49.30000000",
            "first_trade_id": 304508641,
            "last_trade_id": 304508641,
            "timestamp": 1732039263942,
            "isBuyerMaker": false,
            "isBestMatch": true
        },
        {
            "agg_trade_id": 211333755,
            "price": "0.20290000",
            "quantity": "50.50000000",
            "first_trade_id": 304508642,
            "last_trade_id": 304508642,
            "timestamp": 1732039264913,
            "isBuyerMaker": false,
            "isBestMatch": true
        },
        {
            "agg_trade_id": 211333756,
            "price": "0.20280000",
            "quantity": "2000.50000000",
            "first_trade_id": 304508643,
            "last_trade_id": 304508643,
            "timestamp": 1732039265156,
            "isBuyerMaker": true,
            "isBestMatch": true
        },
        {
            "agg_trade_id": 211333757,
            "price": "0.20290000",
            "quantity": "98.50000000",
            "first_trade_id": 304508644,
            "last_trade_id": 304508644,
            "timestamp": 1732039266172,
            "isBuyerMaker": false,
            "isBestMatch": true
        },
        {
            "agg_trade_id": 211333758,
            "price": "0.20290000",
            "quantity": "98.50000000",
            "first_trade_id": 304508645,
            "last_trade_id": 304508645,
            "timestamp": 1732039266198,
            "isBuyerMaker": false,
            "isBestMatch": true
        },
        {
            "agg_trade_id": 211333759,
            "price": "0.20280000",
            "quantity": "111.90000000",
            "first_trade_id": 304508646,
            "last_trade_id": 304508646,
            "timestamp": 1732039266276,
            "isBuyerMaker": true,
            "isBestMatch": true
        },
        {
            "agg_trade_id": 211333760,
            "price": "0.20280000",
            "quantity": "123.80000000",
            "first_trade_id": 304508647,
            "last_trade_id": 304508647,
            "timestamp": 1732039266715,
            "isBuyerMaker": true,
            "isBestMatch": true
        },
        {
            "agg_trade_id": 211333761,
            "price": "0.20290000",
            "quantity": "122.90000000",
            "first_trade_id": 304508648,
            "last_trade_id": 304508648,
            "timestamp": 1732039267709,
            "isBuyerMaker": false,
            "isBestMatch": true
        },
        {
            "agg_trade_id": 211333762,
            "price": "0.20290000",
            "quantity": "510.40000000",
            "first_trade_id": 304508649,
            "last_trade_id": 304508649,
            "timestamp": 1732039268778,
            "isBuyerMaker": false,
            "isBestMatch": true
        },
        {
            "agg_trade_id": 211333763,
            "price": "0.20290000",
            "quantity": "97.40000000",
            "first_trade_id": 304508650,
            "last_trade_id": 304508650,
            "timestamp": 1732039269730,
            "isBuyerMaker": false,
            "isBestMatch": true
        },
        {
            "agg_trade_id": 211333764,
            "price": "0.20290000",
            "quantity": "251.80000000",
            "first_trade_id": 304508651,
            "last_trade_id": 304508651,
            "timestamp": 1732039271041,
            "isBuyerMaker": false,
            "isBestMatch": true
        },
        {
            "agg_trade_id": 211333765,
            "price": "0.20290000",
            "quantity": "236.30000000",
            "first_trade_id": 304508652,
            "last_trade_id": 304508652,
            "timestamp": 1732039271284,
            "isBuyerMaker": false,
            "isBestMatch": true
        },
        {
            "agg_trade_id": 211333766,
            "price": "0.20290000",
            "quantity": "502.70000000",
            "first_trade_id": 304508653,
            "last_trade_id": 304508653,
            "timestamp": 1732039272439,
            "isBuyerMaker": false,
            "isBestMatch": true
        },
        {
            "agg_trade_id": 211333767,
            "price": "0.20290000",
            "quantity": "985.10000000",
            "first_trade_id": 304508654,
            "last_trade_id": 304508654,
            "timestamp": 1732039275297,
            "isBuyerMaker": false,
            "isBestMatch": true
        },
        {
            "agg_trade_id": 211333768,
            "price": "0.20280000",
            "quantity": "7646.10000000",
            "first_trade_id": 304508655,
            "last_trade_id": 304508655,
            "timestamp": 1732039277928,
            "isBuyerMaker": true,
            "isBestMatch": true
        },
        {
            "agg_trade_id": 211333769,
            "price": "0.20280000",
            "quantity": "491.60000000",
            "first_trade_id": 304508656,
            "last_trade_id": 304508656,
            "timestamp": 1732039278275,
            "isBuyerMaker": true,
            "isBestMatch": true
        },
        {
            "agg_trade_id": 211333770,
            "price": "0.20290000",
            "quantity": "97.70000000",
            "first_trade_id": 304508657,
            "last_trade_id": 304508657,
            "timestamp": 1732039278863,
            "isBuyerMaker": false,
            "isBestMatch": true
        },
        {
            "agg_trade_id": 211333771,
            "price": "0.20290000",
            "quantity": "500.00000000",
            "first_trade_id": 304508658,
            "last_trade_id": 304508658,
            "timestamp": 1732039279345,
            "isBuyerMaker": false,
            "isBestMatch": true
        },
        {
            "agg_trade_id": 211333772,
            "price": "0.20290000",
            "quantity": "56.80000000",
            "first_trade_id": 304508659,
            "last_trade_id": 304508659,
            "timestamp": 1732039279894,
            "isBuyerMaker": false,
            "isBestMatch": true
        },
        {
            "agg_trade_id": 211333773,
            "price": "0.20290000",
            "quantity": "806.60000000",
            "first_trade_id": 304508660,
            "last_trade_id": 304508660,
            "timestamp": 1732039280441,
            "isBuyerMaker": false,
            "isBestMatch": true
        },
        {
            "agg_trade_id": 211333774,
            "price": "0.20280000",
            "quantity": "134.00000000",
            "first_trade_id": 304508661,
            "last_trade_id": 304508661,
            "timestamp": 1732039280669,
            "isBuyerMaker": true,
            "isBestMatch": true
        },
        {
            "agg_trade_id": 211333775,
            "price": "0.20280000",
            "quantity": "190.00000000",
            "first_trade_id": 304508662,
            "last_trade_id": 304508662,
            "timestamp": 1732039281060,
            "isBuyerMaker": true,
            "isBestMatch": true
        },
        {
            "agg_trade_id": 211333776,
            "price": "0.20290000",
            "quantity": "49.30000000",
            "first_trade_id": 304508663,
            "last_trade_id": 304508663,
            "timestamp": 1732039281855,
            "isBuyerMaker": false,
            "isBestMatch": true
        },
        {
            "agg_trade_id": 211333777,
            "price": "0.20280000",
            "quantity": "107.00000000",
            "first_trade_id": 304508664,
            "last_trade_id": 304508664,
            "timestamp": 1732039282275,
            "isBuyerMaker": true,
            "isBestMatch": true
        },
        {
            "agg_trade_id": 211333778,
            "price": "0.20290000",
            "quantity": "1506.80000000",
            "first_trade_id": 304508665,
            "last_trade_id": 304508665,
            "timestamp": 1732039284080,
            "isBuyerMaker": false,
            "isBestMatch": true
        },
        {
            "agg_trade_id": 211333779,
            "price": "0.20290000",
            "quantity": "1650.20000000",
            "first_trade_id": 304508666,
            "last_trade_id": 304508666,
            "timestamp": 1732039285758,
            "isBuyerMaker": false,
            "isBestMatch": true
        },
        {
            "agg_trade_id": 211333780,
            "price": "0.20280000",
            "quantity": "142.90000000",
            "first_trade_id": 304508667,
            "last_trade_id": 304508667,
            "timestamp": 1732039285929,
            "isBuyerMaker": true,
            "isBestMatch": true
        },
        {
            "agg_trade_id": 211333781,
            "price": "0.20280000",
            "quantity": "3538.10000000",
            "first_trade_id": 304508668,
            "last_trade_id": 304508668,
            "timestamp": 1732039287517,
            "isBuyerMaker": true,
            "isBestMatch": true
        },
        {
            "agg_trade_id": 211333782,
            "price": "0.20280000",
            "quantity": "104.70000000",
            "first_trade_id": 304508669,
            "last_trade_id": 304508669,
            "timestamp": 1732039289276,
            "isBuyerMaker": true,
            "isBestMatch": true
        },
        {
            "agg_trade_id": 211333783,
            "price": "0.20290000",
            "quantity": "48.90000000",
            "first_trade_id": 304508670,
            "last_trade_id": 304508670,
            "timestamp": 1732039290223,
            "isBuyerMaker": false,
            "isBestMatch": true
        },
        {
            "agg_trade_id": 211333784,
            "price": "0.20280000",
            "quantity": "484.70000000",
            "first_trade_id": 304508671,
            "last_trade_id": 304508671,
            "timestamp": 1732039290307,
            "isBuyerMaker": true,
            "isBestMatch": true
        },
        {
            "agg_trade_id": 211333785,
            "price": "0.20290000",
            "quantity": "190.10000000",
            "first_trade_id": 304508672,
            "last_trade_id": 304508672,
            "timestamp": 1732039291928,
            "isBuyerMaker": false,
            "isBestMatch": true
        },
        {
            "agg_trade_id": 211333786,
            "price": "0.20290000",
            "quantity": "99.90000000",
            "first_trade_id": 304508673,
            "last_trade_id": 304508673,
            "timestamp": 1732039294272,
            "isBuyerMaker": false,
            "isBestMatch": true
        },
        {
            "agg_trade_id": 211333787,
            "price": "0.20290000",
            "quantity": "91.90000000",
            "first_trade_id": 304508674,
            "last_trade_id": 304508674,
            "timestamp": 1732039295692,
            "isBuyerMaker": false,
            "isBestMatch": true
        },
        {
            "agg_trade_id": 211333788,
            "price": "0.20280000",
            "quantity": "82.40000000",
            "first_trade_id": 304508675,
            "last_trade_id": 304508675,
            "timestamp": 1732039297275,
            "isBuyerMaker": true,
            "isBestMatch": true
        },
        {
            "agg_trade_id": 211333789,
            "price": "0.20280000",
            "quantity": "133.40000000",
            "first_trade_id": 304508676,
            "last_trade_id": 304508676,
            "timestamp": 1732039299979,
            "isBuyerMaker": true,
            "isBestMatch": true
        },
        {
            "agg_trade_id": 211333790,
            "price": "0.20280000",
            "quantity": "392.60000000",
            "first_trade_id": 304508677,
            "last_trade_id": 304508677,
            "timestamp": 1732039302272,
            "isBuyerMaker": true,
            "isBestMatch": true
        },
        {
            "agg_trade_id": 211333791,
            "price": "0.20290000",
            "quantity": "33.00000000",
            "first_trade_id": 304508678,
            "last_trade_id": 304508678,
            "timestamp": 1732039305242,
            "isBuyerMaker": false,
            "isBestMatch": true
        },
        {
            "agg_trade_id": 211333792,
            "price": "0.20290000",
            "quantity": "147.80000000",
            "first_trade_id": 304508679,
            "last_trade_id": 304508679,
            "timestamp": 1732039306153,
            "isBuyerMaker": false,
            "isBestMatch": true
        },
        {
            "agg_trade_id": 211333793,
            "price": "0.20290000",
            "quantity": "84.90000000",
            "first_trade_id": 304508680,
            "last_trade_id": 304508680,
            "timestamp": 1732039306487,
            "isBuyerMaker": false,
            "isBestMatch": true
        },
        {
            "agg_trade_id": 211333794,
            "price": "0.20290000",
            "quantity": "125.90000000",
            "first_trade_id": 304508681,
            "last_trade_id": 304508681,
            "timestamp": 1732039307756,
            "isBuyerMaker": false,
            "isBestMatch": true
        },
        {
            "agg_trade_id": 211333795,
            "price": "0.20290000",
            "quantity": "266.20000000",
            "first_trade_id": 304508682,
            "last_trade_id": 304508682,
            "timestamp": 1732039307874,
            "isBuyerMaker": false,
            "isBestMatch": true
        },
        {
            "agg_trade_id": 211333796,
            "price": "0.20280000",
            "quantity": "49.10000000",
            "first_trade_id": 304508683,
            "last_trade_id": 304508683,
            "timestamp": 1732039308978,
            "isBuyerMaker": true,
            "isBestMatch": true
        },
        {
            "agg_trade_id": 211333797,
            "price": "0.20290000",
            "quantity": "2464.20000000",
            "first_trade_id": 304508684,
            "last_trade_id": 304508684,
            "timestamp": 1732039310019,
            "isBuyerMaker": false,
            "isBestMatch": true
        },
        {
            "agg_trade_id": 211333798,
            "price": "0.20280000",
            "quantity": "3062.50000000",
            "first_trade_id": 304508685,
            "last_trade_id": 304508685,
            "timestamp": 1732039310067,
            "isBuyerMaker": true,
            "isBestMatch": true
        },
        {
            "agg_trade_id": 211333799,
            "price": "0.20290000",
            "quantity": "46.40000000",
            "first_trade_id": 304508686,
            "last_trade_id": 304508686,
            "timestamp": 1732039310175,
            "isBuyerMaker": false,
            "isBestMatch": true
        },
        {
            "agg_trade_id": 211333800,
            "price": "0.20280000",
            "quantity": "400.00000000",
            "first_trade_id": 304508687,
            "last_trade_id": 304508687,
            "timestamp": 1732039311229,
            "isBuyerMaker": true,
            "isBestMatch": true
        },
        {
            "agg_trade_id": 211333801,
            "price": "0.20280000",
            "quantity": "99.20000000",
            "first_trade_id": 304508688,
            "last_trade_id": 304508688,
            "timestamp": 1732039313442,
            "isBuyerMaker": true,
            "isBestMatch": true
        },
        {
            "agg_trade_id": 211333802,
            "price": "0.20280000",
            "quantity": "103.00000000",
            "first_trade_id": 304508689,
            "last_trade_id": 304508689,
            "timestamp": 1732039313818,
            "isBuyerMaker": true,
            "isBestMatch": true
        },
        {
            "agg_trade_id": 211333803,
            "price": "0.20290000",
            "quantity": "183.00000000",
            "first_trade_id": 304508690,
            "last_trade_id": 304508690,
            "timestamp": 1732039314585,
            "isBuyerMaker": false,
            "isBestMatch": true
        },
        {
            "agg_trade_id": 211333804,
            "price": "0.20280000",
            "quantity": "100.50000000",
            "first_trade_id": 304508691,
            "last_trade_id": 304508691,
            "timestamp": 1732039316000,
            "isBuyerMaker": true,
            "isBestMatch": true
        },
        {
            "agg_trade_id": 211333805,
            "price": "0.20290000",
            "quantity": "49.30000000",
            "first_trade_id": 304508692,
            "last_trade_id": 304508692,
            "timestamp": 1732039316572,
            "isBuyerMaker": false,
            "isBestMatch": true
        },
        {
            "agg_trade_id": 211333806,
            "price": "0.20290000",
            "quantity": "53.30000000",
            "first_trade_id": 304508693,
            "last_trade_id": 304508693,
            "timestamp": 1732039317175,
            "isBuyerMaker": false,
            "isBestMatch": true
        },
        {
            "agg_trade_id": 211333807,
            "price": "0.20290000",
            "quantity": "43.70000000",
            "first_trade_id": 304508694,
            "last_trade_id": 304508694,
            "timestamp": 1732039317322,
            "isBuyerMaker": false,
            "isBestMatch": true
        },
        {
            "agg_trade_id": 211333808,
            "price": "0.20290000",
            "quantity": "2525.60000000",
            "first_trade_id": 304508695,
            "last_trade_id": 304508695,
            "timestamp": 1732039318195,
            "isBuyerMaker": false,
            "isBestMatch": true
        },
        {
            "agg_trade_id": 211333809,
            "price": "0.20290000",
            "quantity": "246.40000000",
            "first_trade_id": 304508696,
            "last_trade_id": 304508696,
            "timestamp": 1732039318421,
            "isBuyerMaker": false,
            "isBestMatch": true
        },
        {
            "agg_trade_id": 211333810,
            "price": "0.20280000",
            "quantity": "99.00000000",
            "first_trade_id": 304508697,
            "last_trade_id": 304508697,
            "timestamp": 1732039320051,
            "isBuyerMaker": true,
            "isBestMatch": true
        },
        {
            "agg_trade_id": 211333811,
            "price": "0.20290000",
            "quantity": "224.80000000",
            "first_trade_id": 304508698,
            "last_trade_id": 304508698,
            "timestamp": 1732039320171,
            "isBuyerMaker": false,
            "isBestMatch": true
        },
        {
            "agg_trade_id": 211333812,
            "price": "0.20290000",
            "quantity": "49.30000000",
            "first_trade_id": 304508699,
            "last_trade_id": 304508699,
            "timestamp": 1732039321270,
            "isBuyerMaker": false,
            "isBestMatch": true
        },
        {
            "agg_trade_id": 211333813,
            "price": "0.20280000",
            "quantity": "59.40000000",
            "first_trade_id": 304508700,
            "last_trade_id": 304508700,
            "timestamp": 1732039322275,
            "isBuyerMaker": true,
            "isBestMatch": true
        },
        {
            "agg_trade_id": 211333814,
            "price": "0.20280000",
            "quantity": "198.60000000",
            "first_trade_id": 304508701,
            "last_trade_id": 304508702,
            "timestamp": 1732039323455,
            "isBuyerMaker": true,
            "isBestMatch": true
        },
        {
            "agg_trade_id": 211333815,
            "price": "0.20280000",
            "quantity": "84.90000000",
            "first_trade_id": 304508703,
            "last_trade_id": 304508703,
            "timestamp": 1732039323825,
            "isBuyerMaker": true,
            "isBestMatch": true
        },
        {
            "agg_trade_id": 211333816,
            "price": "0.20290000",
            "quantity": "59.70000000",
            "first_trade_id": 304508704,
            "last_trade_id": 304508704,
            "timestamp": 1732039324875,
            "isBuyerMaker": false,
            "isBestMatch": true
        },
        {
            "agg_trade_id": 211333817,
            "price": "0.20290000",
            "quantity": "57.10000000",
            "first_trade_id": 304508705,
            "last_trade_id": 304508705,
            "timestamp": 1732039325431,
            "isBuyerMaker": false,
            "isBestMatch": true
        },
        {
            "agg_trade_id": 211333818,
            "price": "0.20280000",
            "quantity": "159.00000000",
            "first_trade_id": 304508706,
            "last_trade_id": 304508706,
            "timestamp": 1732039325547,
            "isBuyerMaker": true,
            "isBestMatch": true
        },
        {
            "agg_trade_id": 211333819,
            "price": "0.20290000",
            "quantity": "114.60000000",
            "first_trade_id": 304508707,
            "last_trade_id": 304508707,
            "timestamp": 1732039326389,
            "isBuyerMaker": false,
            "isBestMatch": true
        },
        {
            "agg_trade_id": 211333820,
            "price": "0.20290000",
            "quantity": "42.50000000",
            "first_trade_id": 304508708,
            "last_trade_id": 304508708,
            "timestamp": 1732039329688,
            "isBuyerMaker": false,
            "isBestMatch": true
        },
        {
            "agg_trade_id": 211333821,
            "price": "0.20280000",
            "quantity": "98.60000000",
            "first_trade_id": 304508709,
            "last_trade_id": 304508709,
            "timestamp": 1732039330774,
            "isBuyerMaker": true,
            "isBestMatch": true
        },
        {
            "agg_trade_id": 211333822,
            "price": "0.20290000",
            "quantity": "54.20000000",
            "first_trade_id": 304508710,
            "last_trade_id": 304508710,
            "timestamp": 1732039330969,
            "isBuyerMaker": false,
            "isBestMatch": true
        },
        {
            "agg_trade_id": 211333823,
            "price": "0.20280000",
            "quantity": "31.10000000",
            "first_trade_id": 304508711,
            "last_trade_id": 304508711,
            "timestamp": 1732039332615,
            "isBuyerMaker": true,
            "isBestMatch": true
        },
        {
            "agg_trade_id": 211333824,
            "price": "0.20290000",
            "quantity": "252.20000000",
            "first_trade_id": 304508712,
            "last_trade_id": 304508712,
            "timestamp": 1732039334352,
            "isBuyerMaker": false,
            "isBestMatch": true
        },
        {
            "agg_trade_id": 211333825,
            "price": "0.20280000",
            "quantity": "40.00000000",
            "first_trade_id": 304508713,
            "last_trade_id": 304508713,
            "timestamp": 1732039335588,
            "isBuyerMaker": true,
            "isBestMatch": true
        },
        {
            "agg_trade_id": 211333826,
            "price": "0.20290000",
            "quantity": "246.30000000",
            "first_trade_id": 304508714,
            "last_trade_id": 304508714,
            "timestamp": 1732039336937,
            "isBuyerMaker": false,
            "isBestMatch": true
        },
        {
            "agg_trade_id": 211333827,
            "price": "0.20280000",
            "quantity": "61.70000000",
            "first_trade_id": 304508715,
            "last_trade_id": 304508715,
            "timestamp": 1732039337158,
            "isBuyerMaker": true,
            "isBestMatch": true
        },
        {
            "agg_trade_id": 211333828,
            "price": "0.20290000",
            "quantity": "103.20000000",
            "first_trade_id": 304508716,
            "last_trade_id": 304508716,
            "timestamp": 1732039337847,
            "isBuyerMaker": false,
            "isBestMatch": true
        },
        {
            "agg_trade_id": 211333829,
            "price": "0.20280000",
            "quantity": "1527.70000000",
            "first_trade_id": 304508717,
            "last_trade_id": 304508717,
            "timestamp": 1732039340466,
            "isBuyerMaker": true,
            "isBestMatch": true
        },
        {
