{
    "data": [
        {
            "agg_trade_id": 460918771,
            "price": "1.10100000",
            "quantity": "45.00000000",
            "first_trade_id": 721948209,
            "last_trade_id": 721948209,
            "timestamp": 1732039830510,
            "isBuyerMaker": false,
            "isBestMatch": true
        },
        {
            "agg_trade_id": 460918772,
            "price": "1.10100000",
            "quantity": "2408.00000000",
            "first_trade_id": 721948210,
            "last_trade_id": 721948220,
            "timestamp": 1732039830591,
            "isBuyerMaker": false,
            "isBestMatch": true
        },
        {
            "agg_trade_id": 460918773,
            "price": "1.10110000",
            "quantity": "906.00000000",
            "first_trade_id": 721948221,
            "last_trade_id": 721948223,
            "timestamp": 1732039830597,
            "isBuyerMaker": false,
            "isBestMatch": true
        },
        {
            "agg_trade_id": 460918774,
            "price": "1.10110000",
            "quantity": "1812.00000000",
            "first_trade_id": 721948224,
            "last_trade_id": 721948226,
            "timestamp": 1732039830597,
            "isBuyerMaker": false,
            "isBestMatch": true
        },
        {
            "agg_trade_id": 460918775,
            "price": "1.10110000",
            "quantity": "35.00000000",
            "first_trade_id": 721948227,
            "last_trade_id": 721948233,
            "timestamp": 1732039830618,
            "isBuyerMaker": false,
            "isBestMatch": true
        },
        {
            "agg_trade_id": 460918776,
            "price": "1.10110000",
            "quantity": "88.00000000",
            "first_trade_id": 721948234,
            "last_trade_id": 721948234,
            "timestamp": 1732039830690,
            "isBuyerMaker": true,
            "isBestMatch": true
        },
        {
            "agg_trade_id": 460918777,
            "price": "1.10120000",
            "quantity": "90.00000000",
            "first_trade_id": 721948235,
            "last_trade_id": 721948235,
            "timestamp": 1732039831752,
            "isBuyerMaker": false,
            "isBestMatch": true
        },
        {
            "agg_trade_id": 460918778,
            "price": "1.10120000",
            "quantity": "50.00000000",
            "first_trade_id": 721948236,
            "last_trade_id": 721948236,
            "timestamp": 1732039832253,
            "isBuyerMaker": false,
            "isBestMatch": true
        },
        {
            "agg_trade_id": 460918779,
            "price": "1.10110000",
            "quantity": "2507.00000000",
            "first_trade_id": 721948237,
            "last_trade_id": 721948238,
            "timestamp": 1732039832286,
            "isBuyerMaker": true,
            "isBestMatch": true
        },
        {
            "agg_trade_id": 460918780,
            "price": "1.10110000",
            "quantity": "5357.00000000",
            "first_trade_id": 721948239,
            "last_trade_id": 721948246,
            "timestamp": 1732039832545,
            "isBuyerMaker": true,
            "isBestMatch": true
        },
        {
            "agg_trade_id": 460918781,
            "price": "1.10100000",
            "quantity": "1473.00000000",
            "first_trade_id": 721948247,
            "last_trade_id": 721948247,
            "timestamp": 1732039832545,
            "isBuyerMaker": true,
            "isBestMatch": true
        },
        {
            "agg_trade_id": 460918782,
            "price": "1.10110000",
            "quantity": "6.00000000",
            "first_trade_id": 721948248,
            "last_trade_id": 721948249,
            "timestamp": 1732039832655,
            "isBuyerMaker": false,
            "isBestMatch": true
        },
        {
            "agg_trade_id": 460918783,
            "price": "1.10110000",
            "quantity": "35.00000000",
            "first_trade_id": 721948250,
            "last_trade_id": 721948256,
            "timestamp": 1732039832728,
            "isBuyerMaker": false,
            "isBestMatch": true
        },
        {
            "agg_trade_id": 460918784,
            "price": "1.10120000",
            "quantity": "871.00000000",
            "first_trade_id": 721948257,
            "last_trade_id": 721948259,
            "timestamp": 1732039832728,
            "isBuyerMaker": false,
            "isBestMatch": true
        },
        {
            "agg_trade_id": 460918785,
            "price": "1.10120000",
            "quantity": "906.00000000",
            "first_trade_id": 721948260,
            "last_trade_id": 721948261,
            "timestamp": 1732039832729,
            "isBuyerMaker": false,
            "isBestMatch": true
        },
        {
            "agg_trade_id": 460918786,
            "price": "1.10120000",
            "quantity": "975.00000000",
            "first_trade_id": 721948262,
            "last_trade_id": 721948262,
            "timestamp": 1732039832861,
            "isBuyerMaker": false,
            "isBestMatch": true
        },
        {
            "agg_trade_id": 460918787,
            "price": "1.10120000",
            "quantity": "18.00000000",
            "first_trade_id": 721948263,
            "last_trade_id": 721948263,
            "timestamp": 1732039832911,
            "isBuyerMaker": false,
            "isBestMatch": true
        },
        {
            "agg_trade_id": 460918788,
            "price": "1.10110000",
            "quantity": "18.00000000",
            "first_trade_id": 721948264,
            "last_trade_id": 721948264,
            "timestamp": 1732039834145,
            "isBuyerMaker": true,
            "isBestMatch": true
        },
        {
            "agg_trade_id": 460918789,
            "price": "1.10120000",
            "quantity": "133.00000000",
            "first_trade_id": 721948265,
            "last_trade_id": 721948266,
            "timestamp": 1732039834819,
            "isBuyerMaker": false,
            "isBestMatch": true
        },
        {
            "agg_trade_id": 460918790,
            "price": "1.10140000",
            "quantity": "906.00000000",
            "first_trade_id": 721948267,
            "last_trade_id": 721948267,
            "timestamp": 1732039834868,
            "isBuyerMaker": false,
            "isBestMatch": true
        },
        {
            "agg_trade_id": 460918791,
            "price": "1.10140000",
            "quantity": "1812.00000000",
            "first_trade_id": 721948268,
            "last_trade_id": 721948268,
            "timestamp": 1732039834868,
            "isBuyerMaker": false,
            "isBestMatch": true
        },
        {
            "agg_trade_id": 460918792,
            "price": "1.10150000",
            "quantity": "480.00000000",
            "first_trade_id": 721948269,
            "last_trade_id": 721948271,
            "timestamp": 1732039834891,
            "isBuyerMaker": false,
            "isBestMatch": true
        },
        {
            "agg_trade_id": 460918793,
            "price": "1.10150000",
            "quantity": "1812.00000000",
            "first_trade_id": 721948272,
            "last_trade_id": 721948276,
            "timestamp": 1732039834905,
            "isBuyerMaker": false,
            "isBestMatch": true
        },
        {
            "agg_trade_id": 460918794,
            "price": "1.10140000",
            "quantity": "5339.00000000",
            "first_trade_id": 721948277,
            "last_trade_id": 721948280,
            "timestamp": 1732039834947,
            "isBuyerMaker": true,
            "isBestMatch": true
        },
        {
            "agg_trade_id": 460918795,
            "price": "1.10150000",
            "quantity": "976.00000000",
            "first_trade_id": 721948281,
            "last_trade_id": 721948282,
            "timestamp": 1732039835861,
            "isBuyerMaker": false,
            "isBestMatch": true
        },
        {
            "agg_trade_id": 460918796,
            "price": "1.10150000",
            "quantity": "44.00000000",
            "first_trade_id": 721948283,
            "last_trade_id": 721948283,
            "timestamp": 1732039836393,
            "isBuyerMaker": false,
            "isBestMatch": true
        },
        {
            "agg_trade_id": 460918797,
            "price": "1.10150000",
            "quantity": "679.00000000",
            "first_trade_id": 721948284,
            "last_trade_id": 721948285,
            "timestamp": 1732039836400,
            "isBuyerMaker": false,
            "isBestMatch": true
        },
        {
            "agg_trade_id": 460918798,
            "price": "1.10140000",
            "quantity": "1700.00000000",
            "first_trade_id": 721948286,
            "last_trade_id": 721948286,
            "timestamp": 1732039837286,
            "isBuyerMaker": true,
            "isBestMatch": true
        },
        {
            "agg_trade_id": 460918799,
            "price": "1.10150000",
            "quantity": "74.00000000",
            "first_trade_id": 721948287,
            "last_trade_id": 721948287,
            "timestamp": 1732039837652,
            "isBuyerMaker": false,
            "isBestMatch": true
        },
        {
            "agg_trade_id": 460918800,
            "price": "1.10150000",
            "quantity": "8987.00000000",
            "first_trade_id": 721948288,
            "last_trade_id": 721948297,
            "timestamp": 1732039838045,
            "isBuyerMaker": false,
            "isBestMatch": true
        },
        {
            "agg_trade_id": 460918801,
            "price": "1.10150000",
            "quantity": "87.00000000",
            "first_trade_id": 721948298,
            "last_trade_id": 721948298,
            "timestamp": 1732039838048,
            "isBuyerMaker": false,
            "isBestMatch": true
        },
        {
            "agg_trade_id": 460918802,
            "price": "1.10160000",
            "quantity": "7.00000000",
            "first_trade_id": 721948299,
            "last_trade_id": 721948299,
            "timestamp": 1732039838048,
            "isBuyerMaker": false,
            "isBestMatch": true
        },
        {
            "agg_trade_id": 460918803,
            "price": "1.10160000",
            "quantity": "46.00000000",
            "first_trade_id": 721948300,
            "last_trade_id": 721948306,
            "timestamp": 1732039838729,
            "isBuyerMaker": false,
            "isBestMatch": true
        },
        {
            "agg_trade_id": 460918804,
            "price": "1.10160000",
            "quantity": "1811.00000000",
            "first_trade_id": 721948307,
            "last_trade_id": 721948310,
            "timestamp": 1732039838732,
            "isBuyerMaker": false,
            "isBestMatch": true
        },
        {
            "agg_trade_id": 460918805,
            "price": "1.10160000",
            "quantity": "906.00000000",
            "first_trade_id": 721948311,
            "last_trade_id": 721948312,
            "timestamp": 1732039838733,
            "isBuyerMaker": false,
            "isBestMatch": true
        },
        {
            "agg_trade_id": 460918806,
            "price": "1.10160000",
            "quantity": "906.00000000",
            "first_trade_id": 721948313,
            "last_trade_id": 721948317,
            "timestamp": 1732039838735,
            "isBuyerMaker": false,
            "isBestMatch": true
        },
        {
            "agg_trade_id": 460918807,
            "price": "1.10160000",
            "quantity": "856.00000000",
            "first_trade_id": 721948318,
            "last_trade_id": 721948318,
            "timestamp": 1732039838737,
            "isBuyerMaker": false,
            "isBestMatch": true
        },
        {
            "agg_trade_id": 460918808,
            "price": "1.10160000",
            "quantity": "306.00000000",
            "first_trade_id": 721948319,
            "last_trade_id": 721948319,
            "timestamp": 1732039838740,
            "isBuyerMaker": false,
            "isBestMatch": true
        },
        {
            "agg_trade_id": 460918809,
            "price": "1.10160000",
            "quantity": "35.00000000",
            "first_trade_id": 721948320,
            "last_trade_id": 721948326,
            "timestamp": 1732039838755,
            "isBuyerMaker": false,
            "isBestMatch": true
        },
        {
            "agg_trade_id": 460918810,
            "price": "1.10170000",
            "quantity": "69.00000000",
            "first_trade_id": 721948327,
            "last_trade_id": 721948335,
            "timestamp": 1732039838782,
            "isBuyerMaker": false,
            "isBestMatch": true
        },
        {
            "agg_trade_id": 460918811,
            "price": "1.10170000",
            "quantity": "226.00000000",
            "first_trade_id": 721948336,
            "last_trade_id": 721948337,
            "timestamp": 1732039839118,
            "isBuyerMaker": false,
            "isBestMatch": true
        },
        {
            "agg_trade_id": 460918812,
            "price": "1.10160000",
            "quantity": "29.00000000",
            "first_trade_id": 721948338,
            "last_trade_id": 721948338,
            "timestamp": 1732039839362,
            "isBuyerMaker": true,
            "isBestMatch": true
        },
        {
            "agg_trade_id": 460918813,
            "price": "1.10170000",
            "quantity": "147.00000000",
            "first_trade_id": 721948339,
            "last_trade_id": 721948339,
            "timestamp": 1732039839673,
            "isBuyerMaker": false,
            "isBestMatch": true
        },
        {
            "agg_trade_id": 460918814,
            "price": "1.10170000",
            "quantity": "230.00000000",
            "first_trade_id": 721948340,
            "last_trade_id": 721948341,
            "timestamp": 1732039839675,
            "isBuyerMaker": false,
            "isBestMatch": true
        },
        {
            "agg_trade_id": 460918815,
            "price": "1.10170000",
            "quantity": "25.00000000",
            "first_trade_id": 721948342,
            "last_trade_id": 721948346,
            "timestamp": 1732039839678,
            "isBuyerMaker": false,
            "isBestMatch": true
        },
        {
            "agg_trade_id": 460918816,
            "price": "1.10180000",
            "quantity": "2839.00000000",
            "first_trade_id": 721948347,
            "last_trade_id": 721948350,
            "timestamp": 1732039839678,
            "isBuyerMaker": false,
            "isBestMatch": true
        },
        {
            "agg_trade_id": 460918817,
            "price": "1.10180000",
            "quantity": "514.00000000",
            "first_trade_id": 721948351,
            "last_trade_id": 721948351,
            "timestamp": 1732039839679,
            "isBuyerMaker": false,
            "isBestMatch": true
        },
        {
            "agg_trade_id": 460918818,
            "price": "1.10180000",
            "quantity": "199.00000000",
            "first_trade_id": 721948352,
            "last_trade_id": 721948352,
            "timestamp": 1732039839680,
            "isBuyerMaker": false,
            "isBestMatch": true
        },
        {
            "agg_trade_id": 460918819,
            "price": "1.10180000",
            "quantity": "202.00000000",
            "first_trade_id": 721948353,
            "last_trade_id": 721948353,
            "timestamp": 1732039839680,
            "isBuyerMaker": false,
            "isBestMatch": true
        },
        {
            "agg_trade_id": 460918820,
            "price": "1.10180000",
            "quantity": "359.00000000",
            "first_trade_id": 721948354,
            "last_trade_id": 721948354,
            "timestamp": 1732039839680,
            "isBuyerMaker": false,
            "isBestMatch": true
        },
        {
            "agg_trade_id": 460918821,
            "price": "1.10180000",
            "quantity": "702.00000000",
            "first_trade_id": 721948355,
            "last_trade_id": 721948358,
            "timestamp": 1732039839680,
            "isBuyerMaker": false,
            "isBestMatch": true
        },
        {
            "agg_trade_id": 460918822,
            "price": "1.10180000",
            "quantity": "217.00000000",
            "first_trade_id": 721948359,
            "last_trade_id": 721948360,
            "timestamp": 1732039839680,
            "isBuyerMaker": false,
            "isBestMatch": true
        },
        {
            "agg_trade_id": 460918823,
            "price": "1.10180000",
            "quantity": "414.00000000",
            "first_trade_id": 721948361,
            "last_trade_id": 721948364,
            "timestamp": 1732039839682,
            "isBuyerMaker": false,
            "isBestMatch": true
        },
        {
            "agg_trade_id": 460918824,
            "price": "1.10190000",
            "quantity": "1368.00000000",
            "first_trade_id": 721948365,
            "last_trade_id": 721948375,
            "timestamp": 1732039839683,
            "isBuyerMaker": false,
            "isBestMatch": true
        },
        {
            "agg_trade_id": 460918825,
            "price": "1.10190000",
            "quantity": "303.00000000",
            "first_trade_id": 721948376,
            "last_trade_id": 721948376,
            "timestamp": 1732039839703,
            "isBuyerMaker": false,
            "isBestMatch": true
        },
        {
            "agg_trade_id": 460918826,
            "price": "1.10200000",
            "quantity": "906.00000000",
            "first_trade_id": 721948377,
            "last_trade_id": 721948389,
            "timestamp": 1732039839703,
            "isBuyerMaker": false,
            "isBestMatch": true
        },
        {
            "agg_trade_id": 460918827,
            "price": "1.10200000",
            "quantity": "1811.00000000",
            "first_trade_id": 721948390,
            "last_trade_id": 721948390,
            "timestamp": 1732039839704,
            "isBuyerMaker": false,
            "isBestMatch": true
        },
        {
            "agg_trade_id": 460918828,
            "price": "1.10200000",
            "quantity": "1600.00000000",
            "first_trade_id": 721948391,
            "last_trade_id": 721948391,
            "timestamp": 1732039839728,
            "isBuyerMaker": false,
            "isBestMatch": true
        },
        {
            "agg_trade_id": 460918829,
            "price": "1.10200000",
            "quantity": "800.00000000",
            "first_trade_id": 721948392,
            "last_trade_id": 721948392,
            "timestamp": 1732039839736,
            "isBuyerMaker": false,
            "isBestMatch": true
        },
        {
            "agg_trade_id": 460918830,
            "price": "1.10200000",
            "quantity": "325.00000000",
            "first_trade_id": 721948393,
            "last_trade_id": 721948393,
            "timestamp": 1732039839875,
            "isBuyerMaker": false,
            "isBestMatch": true
        },
        {
            "agg_trade_id": 460918831,
            "price": "1.10190000",
            "quantity": "2243.00000000",
            "first_trade_id": 721948394,
            "last_trade_id": 721948394,
            "timestamp": 1732039839960,
            "isBuyerMaker": true,
            "isBestMatch": true
        },
        {
            "agg_trade_id": 460918832,
            "price": "1.10190000",
            "quantity": "1272.00000000",
            "first_trade_id": 721948395,
            "last_trade_id": 721948397,
            "timestamp": 1732039840017,
            "isBuyerMaker": true,
            "isBestMatch": true
        },
        {
            "agg_trade_id": 460918833,
            "price": "1.10180000",
            "quantity": "19.00000000",
            "first_trade_id": 721948398,
            "last_trade_id": 721948400,
            "timestamp": 1732039840284,
            "isBuyerMaker": true,
            "isBestMatch": true
        },
        {
            "agg_trade_id": 460918834,
            "price": "1.10180000",
            "quantity": "797.00000000",
            "first_trade_id": 721948401,
            "last_trade_id": 721948401,
            "timestamp": 1732039840397,
            "isBuyerMaker": false,
            "isBestMatch": true
        },
        {
            "agg_trade_id": 460918835,
            "price": "1.10170000",
            "quantity": "19.00000000",
            "first_trade_id": 721948402,
            "last_trade_id": 721948404,
            "timestamp": 1732039840418,
            "isBuyerMaker": true,
            "isBestMatch": true
        },
        {
            "agg_trade_id": 460918836,
            "price": "1.10170000",
            "quantity": "13.00000000",
            "first_trade_id": 721948405,
            "last_trade_id": 721948405,
            "timestamp": 1732039840432,
            "isBuyerMaker": false,
            "isBestMatch": true
        },
        {
            "agg_trade_id": 460918837,
            "price": "1.10170000",
            "quantity": "60.00000000",
            "first_trade_id": 721948406,
            "last_trade_id": 721948417,
            "timestamp": 1732039841018,
            "isBuyerMaker": false,
            "isBestMatch": true
        },
        {
            "agg_trade_id": 460918838,
            "price": "1.10170000",
            "quantity": "454.00000000",
            "first_trade_id": 721948418,
            "last_trade_id": 721948418,
            "timestamp": 1732039841229,
            "isBuyerMaker": true,
            "isBestMatch": true
        },
        {
            "agg_trade_id": 460918839,
            "price": "1.10170000",
            "quantity": "454.00000000",
            "first_trade_id": 721948419,
            "last_trade_id": 721948419,
            "timestamp": 1732039841797,
            "isBuyerMaker": true,
            "isBestMatch": true
        },
        {
            "agg_trade_id": 460918840,
            "price": "1.10170000",
            "quantity": "454.00000000",
            "first_trade_id": 721948420,
            "last_trade_id": 721948420,
            "timestamp": 1732039842631,
            "isBuyerMaker": true,
            "isBestMatch": true
        },
        {
            "agg_trade_id": 460918841,
            "price": "1.10180000",
            "quantity": "73.00000000",
            "first_trade_id": 721948421,
            "last_trade_id": 721948433,
            "timestamp": 1732039842719,
            "isBuyerMaker": false,
            "isBestMatch": true
        },
        {
            "agg_trade_id": 460918842,
            "price": "1.10190000",
            "quantity": "364.00000000",
            "first_trade_id": 721948434,
            "last_trade_id": 721948434,
            "timestamp": 1732039843136,
            "isBuyerMaker": false,
            "isBestMatch": true
        },
        {
            "agg_trade_id": 460918843,
            "price": "1.10180000",
            "quantity": "454.00000000",
            "first_trade_id": 721948435,
            "last_trade_id": 721948435,
            "timestamp": 1732039843188,
            "isBuyerMaker": true,
            "isBestMatch": true
        },
        {
            "agg_trade_id": 460918844,
            "price": "1.10190000",
            "quantity": "60.00000000",
            "first_trade_id": 721948436,
            "last_trade_id": 721948447,
            "timestamp": 1732039843218,
            "isBuyerMaker": false,
            "isBestMatch": true
        },
        {
            "agg_trade_id": 460918845,
            "price": "1.10200000",
            "quantity": "570.00000000",
            "first_trade_id": 721948448,
            "last_trade_id": 721948448,
            "timestamp": 1732039843436,
            "isBuyerMaker": false,
            "isBestMatch": true
        },
        {
            "agg_trade_id": 460918846,
            "price": "1.10200000",
            "quantity": "80.00000000",
            "first_trade_id": 721948449,
            "last_trade_id": 721948449,
            "timestamp": 1732039843456,
            "isBuyerMaker": false,
            "isBestMatch": true
        },
        {
            "agg_trade_id": 460918847,
            "price": "1.10200000",
            "quantity": "2466.00000000",
            "first_trade_id": 721948450,
            "last_trade_id": 721948450,
            "timestamp": 1732039843460,
            "isBuyerMaker": false,
            "isBestMatch": true
        },
        {
            "agg_trade_id": 460918848,
            "price": "1.10200000",
            "quantity": "2322.00000000",
            "first_trade_id": 721948451,
            "last_trade_id": 721948454,
            "timestamp": 1732039844026,
            "isBuyerMaker": false,
            "isBestMatch": true
        },
        {
            "agg_trade_id": 460918849,
            "price": "1.10200000",
            "quantity": "734.00000000",
            "first_trade_id": 721948455,
            "last_trade_id": 721948468,
            "timestamp": 1732039844026,
            "isBuyerMaker": false,
            "isBestMatch": true
        },
        {
            "agg_trade_id": 460918850,
            "price": "1.10200000",
            "quantity": "454.00000000",
            "first_trade_id": 721948469,
            "last_trade_id": 721948469,
            "timestamp": 1732039844108,
            "isBuyerMaker": true,
            "isBestMatch": true
        },
        {
            "agg_trade_id": 460918851,
            "price": "1.10200000",
            "quantity": "445.00000000",
            "first_trade_id": 721948470,
            "last_trade_id": 721948470,
            "timestamp": 1732039844728,
            "isBuyerMaker": true,
            "isBestMatch": true
        },
        {
            "agg_trade_id": 460918852,
            "price": "1.10210000",
            "quantity": "102.00000000",
            "first_trade_id": 721948471,
            "last_trade_id": 721948483,
            "timestamp": 1732039845018,
            "isBuyerMaker": false,
            "isBestMatch": true
        },
        {
            "agg_trade_id": 460918853,
            "price": "1.10220000",
            "quantity": "513.00000000",
            "first_trade_id": 721948484,
            "last_trade_id": 721948489,
            "timestamp": 1732039845031,
            "isBuyerMaker": false,
            "isBestMatch": true
        },
        {
            "agg_trade_id": 460918854,
            "price": "1.10220000",
            "quantity": "454.00000000",
            "first_trade_id": 721948490,
            "last_trade_id": 721948491,
            "timestamp": 1732039845184,
            "isBuyerMaker": true,
            "isBestMatch": true
        },
        {
            "agg_trade_id": 460918855,
            "price": "1.10220000",
            "quantity": "15.00000000",
            "first_trade_id": 721948492,
            "last_trade_id": 721948493,
            "timestamp": 1732039845270,
            "isBuyerMaker": true,
            "isBestMatch": true
        },
        {
            "agg_trade_id": 460918856,
            "price": "1.10220000",
            "quantity": "454.00000000",
            "first_trade_id": 721948494,
            "last_trade_id": 721948494,
            "timestamp": 1732039845692,
            "isBuyerMaker": true,
            "isBestMatch": true
        },
        {
            "agg_trade_id": 460918857,
            "price": "1.10230000",
            "quantity": "723.00000000",
            "first_trade_id": 721948495,
            "last_trade_id": 721948496,
            "timestamp": 1732039845793,
            "isBuyerMaker": false,
            "isBestMatch": true
        },
        {
            "agg_trade_id": 460918858,
            "price": "1.10220000",
            "quantity": "25.00000000",
            "first_trade_id": 721948497,
            "last_trade_id": 721948501,
            "timestamp": 1732039846026,
            "isBuyerMaker": true,
            "isBestMatch": true
        },
        {
            "agg_trade_id": 460918859,
            "price": "1.10210000",
            "quantity": "10.00000000",
            "first_trade_id": 721948502,
            "last_trade_id": 721948502,
            "timestamp": 1732039846409,
            "isBuyerMaker": true,
            "isBestMatch": true
        },
        {
            "agg_trade_id": 460918860,
            "price": "1.10210000",
            "quantity": "454.00000000",
            "first_trade_id": 721948503,
            "last_trade_id": 721948503,
            "timestamp": 1732039846416,
            "isBuyerMaker": true,
            "isBestMatch": true
        },
        {
            "agg_trade_id": 460918861,
            "price": "1.10210000",
            "quantity": "236.00000000",
            "first_trade_id": 721948504,
            "last_trade_id": 721948504,
            "timestamp": 1732039846680,
            "isBuyerMaker": true,
            "isBestMatch": true
        },
        {
            "agg_trade_id": 460918862,
            "price": "1.10210000",
            "quantity": "26.00000000",
            "first_trade_id": 721948505,
            "last_trade_id": 721948505,
            "timestamp": 1732039846840,
            "isBuyerMaker": true,
            "isBestMatch": true
        },
        {
            "agg_trade_id": 460918863,
            "price": "1.10210000",
            "quantity": "21.00000000",
            "first_trade_id": 721948506,
            "last_trade_id": 721948506,
            "timestamp": 1732039846858,
            "isBuyerMaker": true,
            "isBestMatch": true
        },
        {
            "agg_trade_id": 460918864,
            "price": "1.10210000",
            "quantity": "243.00000000",
            "first_trade_id": 721948507,
            "last_trade_id": 721948507,
            "timestamp": 1732039847292,
            "isBuyerMaker": true,
            "isBestMatch": true
        },
        {
            "agg_trade_id": 460918865,
            "price": "1.10210000",
            "quantity": "9.00000000",
            "first_trade_id": 721948508,
            "last_trade_id": 721948508,
            "timestamp": 1732039847336,
            "isBuyerMaker": true,
            "isBestMatch": true
        },
        {
            "agg_trade_id": 460918866,
            "price": "1.10210000",
            "quantity": "22.00000000",
            "first_trade_id": 721948509,
            "last_trade_id": 721948509,
            "timestamp": 1732039847337,
            "isBuyerMaker": true,
            "isBestMatch": true
        },
        {
            "agg_trade_id": 460918867,
            "price": "1.10210000",
            "quantity": "646.00000000",
            "first_trade_id": 721948510,
            "last_trade_id": 721948510,
            "timestamp": 1732039847379,
            "isBuyerMaker": true,
            "isBestMatch": true
        },
        {
            "agg_trade_id": 460918868,
            "price": "1.10210000",
            "quantity": "1368.00000000",
            "first_trade_id": 721948511,
            "last_trade_id": 721948512,
            "timestamp": 1732039847574,
            "isBuyerMaker": true,
            "isBestMatch": true
        },
        {
            "agg_trade_id": 460918869,
            "price": "1.10210000",
            "quantity": "534.00000000",
            "first_trade_id": 721948513,
            "last_trade_id": 721948519,
            "timestamp": 1732039847574,
            "isBuyerMaker": true,
            "isBestMatch": true
        },
        {
            "agg_trade_id": 460918870,
            "price": "1.10200000",
            "quantity": "7.00000000",
            "first_trade_id": 721948520,
            "last_trade_id": 721948520,
            "timestamp": 1732039847594,
            "isBuyerMaker": true,
            "isBestMatch": true
        },
        {
            "agg_trade_id": 460918871,
            "price": "1.10200000",
            "quantity": "182.00000000",
            "first_trade_id": 721948521,
            "last_trade_id": 721948521,
            "timestamp": 1732039847639,
            "isBuyerMaker": true,
            "isBestMatch": true
        },
        {
            "agg_trade_id": 460918872,
            "price": "1.10200000",
            "quantity": "30.00000000",
            "first_trade_id": 721948522,
            "last_trade_id": 721948522,
            "timestamp": 1732039847662,
            "isBuyerMaker": true,
            "isBestMatch": true
        },
        {
            "agg_trade_id": 460918873,
            "price": "1.10210000",
            "quantity": "29.00000000",
            "first_trade_id": 721948523,
            "last_trade_id": 721948523,
            "timestamp": 1732039847866,
            "isBuyerMaker": false,
            "isBestMatch": true
        },
        {
            "agg_trade_id": 460918874,
            "price": "1.10200000",
            "quantity": "11.00000000",
            "first_trade_id": 721948524,
            "last_trade_id": 721948524,
            "timestamp": 1732039849531,
            "isBuyerMaker": true,
            "isBestMatch": true
        },
        {
            "agg_trade_id": 460918875,
            "price": "1.10200000",
            "quantity": "15.00000000",
            "first_trade_id": 721948525,
            "last_trade_id": 721948525,
            "timestamp": 1732039849538,
            "isBuyerMaker": true,
            "isBestMatch": true
        },
        {
            "agg_trade_id": 460918876,
            "price": "1.10200000",
            "quantity": "14.00000000",
            "first_trade_id": 721948526,
            "last_trade_id": 721948526,
            "timestamp": 1732039849573,
            "isBuyerMaker": true,
            "isBestMatch": true
        },
        {
            "agg_trade_id": 460918877,
            "price": "1.10200000",
            "quantity": "11.00000000",
            "first_trade_id": 721948527,
            "last_trade_id": 721948527,
            "timestamp": 1732039849591,
            "isBuyerMaker": true,
            "isBestMatch": true
        },
        {
            "agg_trade_id": 460918878,
            "price": "1.10200000",
            "quantity": "11.00000000",
            "first_trade_id": 721948528,
            "last_trade_id": 721948528,
            "timestamp": 1732039849671,
            "isBuyerMaker": true,
            "isBestMatch": true
        },
        {
            "agg_trade_id": 460918879,
            "price": "1.10200000",
            "quantity": "10.00000000",
            "first_trade_id": 721948529,
            "last_trade_id": 721948529,
            "timestamp": 1732039849676,
            "isBuyerMaker": true,
            "isBestMatch": true
        },
        {
            "agg_trade_id": 460918880,
            "price": "1.10200000",
            "quantity": "10.00000000",
            "first_trade_id": 721948530,
            "last_trade_id": 721948530,
            "timestamp": 1732039849679,
            "isBuyerMaker": true,
            "isBestMatch": true
        },
        {
            "agg_trade_id": 460918881,
            "price": "1.10200000",
            "quantity": "515.00000000",
            "first_trade_id": 721948531,
            "last_trade_id": 721948531,
            "timestamp": 1732039849681,
            "isBuyerMaker": true,
            "isBestMatch": true
        },
        {
            "agg_trade_id": 460918882,
            "price": "1.10200000",
            "quantity": "10.00000000",
            "first_trade_id": 721948532,
            "last_trade_id": 721948532,
            "timestamp": 1732039849687,
            "isBuyerMaker": true,
            "isBestMatch": true
        },
        {
            "agg_trade_id": 460918883,
            "price": "1.10200000",
            "quantity": "10.00000000",
            "first_trade_id": 721948533,
            "last_trade_id": 721948533,
            "timestamp": 1732039849698,
            "isBuyerMaker": true,
            "isBestMatch": true
        },
        {
            "agg_trade_id": 460918884,
            "price": "1.10200000",
            "quantity": "10.00000000",
            "first_trade_id": 721948534,
            "last_trade_id": 721948534,
            "timestamp": 1732039849704,
            "isBuyerMaker": true,
            "isBestMatch": true
        },
        {
            "agg_trade_id": 460918885,
            "price": "1.10200000",
            "quantity": "55.00000000",
            "first_trade_id": 721948535,
            "last_trade_id": 721948535,
            "timestamp": 1732039849719,
            "isBuyerMaker": true,
            "isBestMatch": true
        },
        {
            "agg_trade_id": 460918886,
            "price": "1.10200000",
            "quantity": "10.00000000",
            "first_trade_id": 721948536,
            "last_trade_id": 721948536,
            "timestamp": 1732039849736,
            "isBuyerMaker": true,
            "isBestMatch": true
        },
        {
            "agg_trade_id": 460918887,
            "price": "1.10200000",
            "quantity": "406.00000000",
            "first_trade_id": 721948537,
            "last_trade_id": 721948542,
            "timestamp": 1732039850040,
            "isBuyerMaker": true,
            "isBestMatch": true
        },
        {
            "agg_trade_id": 460918888,
            "price": "1.10200000",
            "quantity": "20.00000000",
            "first_trade_id": 721948543,
            "last_trade_id": 721948546,
            "timestamp": 1732039850040,
            "isBuyerMaker": true,
            "isBestMatch": true
        },
        {
            "agg_trade_id": 460918889,
            "price": "1.10190000",
            "quantity": "50.00000000",
            "first_trade_id": 721948547,
            "last_trade_id": 721948556,
            "timestamp": 1732039850248,
            "isBuyerMaker": true,
            "isBestMatch": true
        },
        {
            "agg_trade_id": 460918890,
            "price": "1.10180000",
            "quantity": "41.00000000",
            "first_trade_id": 721948557,
            "last_trade_id": 721948558,
            "timestamp": 1732039850914,
            "isBuyerMaker": true,
            "isBestMatch": true
        },
        {
            "agg_trade_id": 460918891,
            "price": "1.10190000",
            "quantity": "517.00000000",
            "first_trade_id": 721948559,
            "last_trade_id": 721948559,
            "timestamp": 1732039851492,
            "isBuyerMaker": false,
            "isBestMatch": true
        },
        {
            "agg_trade_id": 460918892,
            "price": "1.10180000",
            "quantity": "191.00000000",
            "first_trade_id": 721948560,
            "last_trade_id": 721948560,
            "timestamp": 1732039852205,
            "isBuyerMaker": true,
            "isBestMatch": true
        },
        {
            "agg_trade_id": 460918893,
            "price": "1.10180000",
            "quantity": "57.00000000",
            "first_trade_id": 721948561,
            "last_trade_id": 721948562,
            "timestamp": 1732039852964,
            "isBuyerMaker": true,
            "isBestMatch": true
        },
        {
            "agg_trade_id": 460918894,
            "price": "1.10180000",
            "quantity": "8.00000000",
            "first_trade_id": 721948563,
            "last_trade_id": 721948563,
            "timestamp": 1732039853108,
            "isBuyerMaker": true,
            "isBestMatch": true
        },
        {
            "agg_trade_id": 460918895,
            "price": "1.10190000",
            "quantity": "145.00000000",
            "first_trade_id": 721948564,
            "last_trade_id": 721948564,
            "timestamp": 1732039853190,
            "isBuyerMaker": false,
            "isBestMatch": true
        },
        {
            "agg_trade_id": 460918896,
            "price": "1.10190000",
            "quantity": "96.00000000",
            "first_trade_id": 721948565,
            "last_trade_id": 721948565,
            "timestamp": 1732039853606,
            "isBuyerMaker": false,
            "isBestMatch": true
        },
        {
            "agg_trade_id": 460918897,
            "price": "1.10190000",
            "quantity": "325.00000000",
            "first_trade_id": 721948566,
            "last_trade_id": 721948566,
            "timestamp": 1732039853819,
            "isBuyerMaker": false,
            "isBestMatch": true
        },
        {
            "agg_trade_id": 460918898,
            "price": "1.10190000",
            "quantity": "16.00000000",
            "first_trade_id": 721948567,
            "last_trade_id": 721948567,
            "timestamp": 1732039854538,
            "isBuyerMaker": false,
            "isBestMatch": true
        },
        {
            "agg_trade_id": 460918899,
            "price": "1.10190000",
            "quantity": "160.00000000",
            "first_trade_id": 721948568,
            "last_trade_id": 721948568,
            "timestamp": 1732039855220,
            "isBuyerMaker": false,
            "isBestMatch": true
        },
        {
            "agg_trade_id": 460918900,
            "price": "1.10190000",
            "quantity": "322.00000000",
            "first_trade_id": 721948569,
            "last_trade_id": 721948569,
            "timestamp": 1732039855669,
            "isBuyerMaker": false,
            "isBestMatch": true
        },
        {
            "agg_trade_id": 460918901,
            "price": "1.10190000",
            "quantity": "5169.00000000",
            "first_trade_id": 721948570,
            "last_trade_id": 721948571,
            "timestamp": 1732039855905,
            "isBuyerMaker": false,
            "isBestMatch": true
        },
        {
            "agg_trade_id": 460918902,
            "price": "1.10190000",
            "quantity": "125.00000000",
            "first_trade_id": 721948572,
            "last_trade_id": 721948572,
            "timestamp": 1732039855913,
            "isBuyerMaker": false,
            "isBestMatch": true
        },
        {
            "agg_trade_id": 460918903,
            "price": "1.10190000",
            "quantity": "90.00000000",
            "first_trade_id": 721948573,
            "last_trade_id": 721948573,
            "timestamp": 1732039856019,
            "isBuyerMaker": false,
            "isBestMatch": true
        },
        {
            "agg_trade_id": 460918904,
            "price": "1.10180000",
            "quantity": "57.00000000",
            "first_trade_id": 721948574,
            "last_trade_id": 721948574,
            "timestamp": 1732039856043,
            "isBuyerMaker": true,
            "isBestMatch": true
        },
        {
            "agg_trade_id": 460918905,
            "price": "1.10190000",
            "quantity": "324.00000000",
            "first_trade_id": 721948575,
            "last_trade_id": 721948579,
            "timestamp": 1732039856148,
            "isBuyerMaker": false,
            "isBestMatch": true
        },
        {
            "agg_trade_id": 460918906,
            "price": "1.10190000",
            "quantity": "5.00000000",
            "first_trade_id": 721948580,
            "last_trade_id": 721948580,
            "timestamp": 1732039856161,
            "isBuyerMaker": false,
            "isBestMatch": true
        },
        {
            "agg_trade_id": 460918907,
            "price": "1.10190000",
            "quantity": "30.00000000",
            "first_trade_id": 721948581,
            "last_trade_id": 721948586,
            "timestamp": 1732039856218,
            "isBuyerMaker": false,
            "isBestMatch": true
        },
        {
            "agg_trade_id": 460918908,
            "price": "1.10200000",
            "quantity": "85.00000000",
            "first_trade_id": 721948587,
            "last_trade_id": 721948587,
            "timestamp": 1732039856280,
            "isBuyerMaker": false,
            "isBestMatch": true
        },
        {
            "agg_trade_id": 460918909,
            "price": "1.10190000",
            "quantity": "34.00000000",
            "first_trade_id": 721948588,
            "last_trade_id": 721948588,
            "timestamp": 1732039856338,
            "isBuyerMaker": true,
            "isBestMatch": true
        },
        {
            "agg_trade_id": 460918910,
            "price": "1.10190000",
            "quantity": "20.00000000",
            "first_trade_id": 721948589,
            "last_trade_id": 721948589,
            "timestamp": 1732039856472,
            "isBuyerMaker": true,
            "isBestMatch": true
        },
        {
            "agg_trade_id": 460918911,
            "price": "1.10200000",
            "quantity": "67.00000000",
            "first_trade_id": 721948590,
            "last_trade_id": 721948590,
            "timestamp": 1732039857388,
            "isBuyerMaker": false,
            "isBestMatch": true
        },
        {
            "agg_trade_id": 460918912,
            "price": "1.10190000",
            "quantity": "25.00000000",
            "first_trade_id": 721948591,
            "last_trade_id": 721948595,
            "timestamp": 1732039857619,
            "isBuyerMaker": true,
            "isBestMatch": true
        },
        {
            "agg_trade_id": 460918913,
            "price": "1.10190000",
            "quantity": "18.00000000",
            "first_trade_id": 721948596,
            "last_trade_id": 721948596,
            "timestamp": 1732039857636,
            "isBuyerMaker": false,
            "isBestMatch": true
        },
        {
            "agg_trade_id": 460918914,
            "price": "1.10180000",
            "quantity": "57.00000000",
            "first_trade_id": 721948597,
            "last_trade_id": 721948598,
            "timestamp": 1732039858343,
            "isBuyerMaker": true,
            "isBestMatch": true
        },
        {
            "agg_trade_id": 460918915,
            "price": "1.10190000",
            "quantity": "16.00000000",
            "first_trade_id": 721948599,
            "last_trade_id": 721948599,
            "timestamp": 1732039858684,
            "isBuyerMaker": false,
            "isBestMatch": true
        },
        {
            "agg_trade_id": 460918916,
            "price": "1.10190000",
            "quantity": "64.00000000",
            "first_trade_id": 721948600,
            "last_trade_id": 721948600,
            "timestamp": 1732039859024,
            "isBuyerMaker": false,
            "isBestMatch": true
        },
        {
            "agg_trade_id": 460918917,
            "price": "1.10190000",
            "quantity": "7.00000000",
            "first_trade_id": 721948601,
            "last_trade_id": 721948601,
            "timestamp": 1732039859346,
            "isBuyerMaker": false,
            "isBestMatch": true
        },
        {
            "agg_trade_id": 460918918,
            "price": "1.10190000",
            "quantity": "3823.00000000",
            "first_trade_id": 721948602,
            "last_trade_id": 721948604,
            "timestamp": 1732039859958,
            "isBuyerMaker": false,
            "isBestMatch": true
        },
        {
            "agg_trade_id": 460918919,
            "price": "1.10180000",
            "quantity": "31.00000000",
            "first_trade_id": 721948605,
            "last_trade_id": 721948605,
            "timestamp": 1732039860069,
            "isBuyerMaker": true,
            "isBestMatch": true
        },
        {
            "agg_trade_id": 460918920,
            "price": "1.10190000",
            "quantity": "12.00000000",
            "first_trade_id": 721948606,
            "last_trade_id": 721948606,
            "timestamp": 1732039860743,
            "isBuyerMaker": false,
            "isBestMatch": true
        },
        {
            "agg_trade_id": 460918921,
            "price": "1.10190000",
            "quantity": "31.00000000",
            "first_trade_id": 721948607,
            "last_trade_id": 721948607,
            "timestamp": 1732039861245,
            "isBuyerMaker": false,
            "isBestMatch": true
        },
        {
            "agg_trade_id": 460918922,
            "price": "1.10190000",
            "quantity": "118.00000000",
            "first_trade_id": 721948608,
            "last_trade_id": 721948608,
            "timestamp": 1732039861547,
            "isBuyerMaker": false,
            "isBestMatch": true
        },
        {
            "agg_trade_id": 460918923,
            "price": "1.10190000",
            "quantity": "771.00000000",
            "first_trade_id": 721948609,
            "last_trade_id": 721948609,
            "timestamp": 1732039861599,
            "isBuyerMaker": false,
            "isBestMatch": true
        },
        {
            "agg_trade_id": 460918924,
            "price": "1.10190000",
            "quantity": "1260.00000000",
            "first_trade_id": 721948610,
            "last_trade_id": 721948610,
            "timestamp": 1732039861898,
            "isBuyerMaker": false,
            "isBestMatch": true
        },
        {
            "agg_trade_id": 460918925,
            "price": "1.10180000",
            "quantity": "35.00000000",
            "first_trade_id": 721948611,
            "last_trade_id": 721948612,
            "timestamp": 1732039862232,
            "isBuyerMaker": true,
            "isBestMatch": true
        },
        {
            "agg_trade_id": 460918926,
            "price": "1.10180000",
            "quantity": "217.00000000",
            "first_trade_id": 721948613,
            "last_trade_id": 721948616,
            "timestamp": 1732039862287,
            "isBuyerMaker": true,
            "isBestMatch": true
        },
        {
            "agg_trade_id": 460918927,
            "price": "1.10190000",
            "quantity": "3782.00000000",
            "first_trade_id": 721948617,
            "last_trade_id": 721948618,
            "timestamp": 1732039862479,
            "isBuyerMaker": false,
            "isBestMatch": true
        },
        {
            "agg_trade_id": 460918928,
            "price": "1.10180000",
            "quantity": "57.00000000",
            "first_trade_id": 721948619,
            "last_trade_id": 721948622,
            "timestamp": 1732039862724,
            "isBuyerMaker": true,
            "isBestMatch": true
        },
        {
            "agg_trade_id": 460918929,
            "price": "1.10190000",
            "quantity": "9.00000000",
            "first_trade_id": 721948623,
            "last_trade_id": 721948623,
            "timestamp": 1732039863336,
            "isBuyerMaker": false,
            "isBestMatch": true
        },
        {
            "agg_trade_id": 460918930,
            "price": "1.10180000",
            "quantity": "4034.00000000",
            "first_trade_id": 721948624,
            "last_trade_id": 721948624,
            "timestamp": 1732039863463,
            "isBuyerMaker": true,
            "isBestMatch": true
        },
        {
            "agg_trade_id": 460918931,
            "price": "1.10180000",
            "quantity": "324.00000000",
            "first_trade_id": 721948625,
            "last_trade_id": 721948625,
            "timestamp": 1732039863465,
            "isBuyerMaker": true,
            "isBestMatch": true
        },
        {
            "agg_trade_id": 460918932,
            "price": "1.10180000",
            "quantity": "240.00000000",
            "first_trade_id": 721948626,
            "last_trade_id": 721948626,
            "timestamp": 1732039863477,
            "isBuyerMaker": true,
            "isBestMatch": true
        },
        {
            "agg_trade_id": 460918933,
            "price": "1.10180000",
            "quantity": "3343.00000000",
            "first_trade_id": 721948627,
            "last_trade_id": 721948627,
            "timestamp": 1732039863559,
            "isBuyerMaker": true,
            "isBestMatch": true
        },
        {
            "agg_trade_id": 460918934,
            "price": "1.10180000",
            "quantity": "1149.00000000",
            "first_trade_id": 721948628,
            "last_trade_id": 721948634,
            "timestamp": 1732039863559,
            "isBuyerMaker": true,
            "isBestMatch": true
        },
        {
            "agg_trade_id": 460918935,
            "price": "1.10170000",
            "quantity": "10769.00000000",
            "first_trade_id": 721948635,
            "last_trade_id": 721948640,
            "timestamp": 1732039863881,
            "isBuyerMaker": true,
            "isBestMatch": true
        },
        {
            "agg_trade_id": 460918936,
            "price": "1.10160000",
            "quantity": "829.00000000",
            "first_trade_id": 721948641,
            "last_trade_id": 721948641,
            "timestamp": 1732039863881,
            "isBuyerMaker": true,
            "isBestMatch": true
        },
        {
            "agg_trade_id": 460918937,
            "price": "1.10160000",
            "quantity": "4519.00000000",
            "first_trade_id": 721948642,
            "last_trade_id": 721948644,
            "timestamp": 1732039863881,
            "isBuyerMaker": true,
            "isBestMatch": true
        },
        {
            "agg_trade_id": 460918938,
            "price": "1.10160000",
            "quantity": "935.00000000",
            "first_trade_id": 721948645,
            "last_trade_id": 721948647,
            "timestamp": 1732039863892,
            "isBuyerMaker": false,
            "isBestMatch": true
        },
        {
            "agg_trade_id": 460918939,
            "price": "1.10150000",
            "quantity": "45.00000000",
            "first_trade_id": 721948648,
            "last_trade_id": 721948649,
            "timestamp": 1732039863951,
            "isBuyerMaker": true,
            "isBestMatch": true
        },
        {
            "agg_trade_id": 460918940,
            "price": "1.10150000",
            "quantity": "505.00000000",
            "first_trade_id": 721948650,
            "last_trade_id": 721948650,
            "timestamp": 1732039864063,
            "isBuyerMaker": true,
            "isBestMatch": true
        },
        {
            "agg_trade_id": 460918941,
            "price": "1.10140000",
            "quantity": "985.00000000",
            "first_trade_id": 721948651,
            "last_trade_id": 721948653,
            "timestamp": 1732039864193,
            "isBuyerMaker": true,
            "isBestMatch": true
        },
        {
            "agg_trade_id": 460918942,
            "price": "1.10140000",
            "quantity": "56.00000000",
            "first_trade_id": 721948654,
            "last_trade_id": 721948654,
            "timestamp": 1732039864319,
            "isBuyerMaker": true,
            "isBestMatch": true
        },
        {
            "agg_trade_id": 460918943,
            "price": "1.10140000",
            "quantity": "1176.00000000",
            "first_trade_id": 721948655,
            "last_trade_id": 721948655,
            "timestamp": 1732039864798,
            "isBuyerMaker": false,
            "isBestMatch": true
        },
        {
            "agg_trade_id": 460918944,
            "price": "1.10130000",
            "quantity": "57.00000000",
            "first_trade_id": 721948656,
            "last_trade_id": 721948656,
            "timestamp": 1732039864977,
            "isBuyerMaker": true,
            "isBestMatch": true
        },
        {
            "agg_trade_id": 460918945,
            "price": "1.10140000",
            "quantity": "2692.00000000",
            "first_trade_id": 721948657,
            "last_trade_id": 721948660,
            "timestamp": 1732039865201,
            "isBuyerMaker": false,
            "isBestMatch": true
        },
        {
            "agg_trade_id": 460918946,
            "price": "1.10140000",
            "quantity": "7.00000000",
            "first_trade_id": 721948661,
            "last_trade_id": 721948661,
            "timestamp": 1732039865343,
            "isBuyerMaker": false,
            "isBestMatch": true
        },
        {
            "agg_trade_id": 460918947,
            "price": "1.10130000",
            "quantity": "400.00000000",
            "first_trade_id": 721948662,
            "last_trade_id": 721948663,
            "timestamp": 1732039865656,
            "isBuyerMaker": true,
            "isBestMatch": true
        },
        {
            "agg_trade_id": 460918948,
            "price": "1.10140000",
            "quantity": "94.00000000",
            "first_trade_id": 721948664,
            "last_trade_id": 721948664,
            "timestamp": 1732039866345,
            "isBuyerMaker": false,
            "isBestMatch": true
        },
        {
            "agg_trade_id": 460918949,
            "price": "1.10140000",
            "quantity": "134.00000000",
            "first_trade_id": 721948665,
            "last_trade_id": 721948681,
            "timestamp": 1732039867519,
            "isBuyerMaker": false,
            "isBestMatch": true
        },
        {
            "agg_trade_id": 460918950,
            "price": "1.10140000",
            "quantity": "19.00000000",
            "first_trade_id": 721948682,
            "last_trade_id": 721948682,
            "timestamp": 1732039867678,
            "isBuyerMaker": true,
            "isBestMatch": true
        },
        {
            "agg_trade_id": 460918951,
            "price": "1.10150000",
            "quantity": "62.00000000",
            "first_trade_id": 721948683,
            "last_trade_id": 721948683,
            "timestamp": 1732039867693,
            "isBuyerMaker": false,
            "isBestMatch": true
        },
        {
            "agg_trade_id": 460918952,
            "price": "1.10150000",
            "quantity": "1966.00000000",
            "first_trade_id": 721948684,
            "last_trade_id": 721948684,
            "timestamp": 1732039868049,
            "isBuyerMaker": false,
            "isBestMatch": true
        },
        {
            "agg_trade_id": 460918953,
            "price": "1.10150000",
            "quantity": "364.00000000",
            "first_trade_id": 721948685,
            "last_trade_id": 721948685,
            "timestamp": 1732039868332,
            "isBuyerMaker": false,
            "isBestMatch": true
        },
        {
            "agg_trade_id": 460918954,
            "price": "1.10150000",
            "quantity": "879.00000000",
            "first_trade_id": 721948686,
            "last_trade_id": 721948686,
            "timestamp": 1732039868333,
            "isBuyerMaker": false,
            "isBestMatch": true
        },
        {
            "agg_trade_id": 460918955,
            "price": "1.10150000",
            "quantity": "230.00000000",
            "first_trade_id": 721948687,
            "last_trade_id": 721948687,
            "timestamp": 1732039868334,
            "isBuyerMaker": false,
            "isBestMatch": true
        },
        {
            "agg_trade_id": 460918956,
            "price": "1.10150000",
            "quantity": "56.00000000",
            "first_trade_id": 721948688,
            "last_trade_id": 721948688,
            "timestamp": 1732039868334,
            "isBuyerMaker": false,
            "isBestMatch": true
        },
        {
            "agg_trade_id": 460918957,
            "price": "1.10150000",
            "quantity": "906.00000000",
            "first_trade_id": 721948689,
            "last_trade_id": 721948689,
            "timestamp": 1732039868336,
            "isBuyerMaker": false,
            "isBestMatch": true
        },
        {
            "agg_trade_id": 460918958,
            "price": "1.10150000",
            "quantity": "453.00000000",
            "first_trade_id": 721948690,
            "last_trade_id": 721948690,
            "timestamp": 1732039868336,
            "isBuyerMaker": false,
            "isBestMatch": true
        },
        {
            "agg_trade_id": 460918959,
            "price": "1.10150000",
            "quantity": "30.00000000",
            "first_trade_id": 721948691,
            "last_trade_id": 721948696,
            "timestamp": 1732039868518,
            "isBuyerMaker": false,
            "isBestMatch": true
        },
        {
            "agg_trade_id": 460918960,
            "price": "1.10160000",
            "quantity": "64.00000000",
            "first_trade_id": 721948697,
            "last_trade_id": 721948705,
            "timestamp": 1732039868518,
            "isBuyerMaker": false,
            "isBestMatch": true
        },
        {
            "agg_trade_id": 460918961,
            "price": "1.10160000",
            "quantity": "31.00000000",
            "first_trade_id": 721948706,
            "last_trade_id": 721948706,
            "timestamp": 1732039868973,
            "isBuyerMaker": false,
            "isBestMatch": true
        },
        {
            "agg_trade_id": 460918962,
            "price": "1.10150000",
            "quantity": "5.00000000",
            "first_trade_id": 721948707,
            "last_trade_id": 721948707,
            "timestamp": 1732039869594,
            "isBuyerMaker": true,
            "isBestMatch": true
        },
        {
            "agg_trade_id": 460918963,
            "price": "1.10150000",
            "quantity": "341.00000000",
            "first_trade_id": 721948708,
            "last_trade_id": 721948710,
            "timestamp": 1732039870051,
            "isBuyerMaker": true,
            "isBestMatch": true
        },
        {
            "agg_trade_id": 460918964,
            "price": "1.10140000",
            "quantity": "282.00000000",
            "first_trade_id": 721948711,
            "last_trade_id": 721948711,
            "timestamp": 1732039870119,
            "isBuyerMaker": true,
            "isBestMatch": true
        },
        {
            "agg_trade_id": 460918965,
            "price": "1.10130000",
            "quantity": "939.00000000",
            "first_trade_id": 721948712,
            "last_trade_id": 721948712,
            "timestamp": 1732039870685,
            "isBuyerMaker": true,
            "isBestMatch": true
        },
        {
            "agg_trade_id": 460918966,
            "price": "1.10140000",
            "quantity": "82.00000000",
            "first_trade_id": 721948713,
            "last_trade_id": 721948719,
            "timestamp": 1732039871687,
            "isBuyerMaker": false,
            "isBestMatch": true
        },
        {
            "agg_trade_id": 460918967,
            "price": "1.10150000",
            "quantity": "1732.00000000",
            "first_trade_id": 721948720,
            "last_trade_id": 721948723,
            "timestamp": 1732039871687,
            "isBuyerMaker": false,
            "isBestMatch": true
        },
        {
            "agg_trade_id": 460918968,
            "price": "1.10140000",
            "quantity": "1825.00000000",
            "first_trade_id": 721948724,
            "last_trade_id": 721948725,
            "timestamp": 1732039871743,
            "isBuyerMaker": true,
            "isBestMatch": true
        },
        {
            "agg_trade_id": 460918969,
            "price": "1.10150000",
            "quantity": "6.00000000",
            "first_trade_id": 721948726,
            "last_trade_id": 721948726,
            "timestamp": 1732039871815,
            "isBuyerMaker": false,
            "isBestMatch": true
        },
        {
            "agg_trade_id": 460918970,
            "price": "1.10160000",
            "quantity": "544.00000000",
            "first_trade_id": 721948727,
            "last_trade_id": 721948731,
            "timestamp": 1732039872144,
            "isBuyerMaker": false,
            "isBestMatch": true
        },
        {
            "agg_trade_id": 460918971,
            "price": "1.10160000",
            "quantity": "37.00000000",
            "first_trade_id": 721948732,
            "last_trade_id": 721948738,
            "timestamp": 1732039872818,
            "isBuyerMaker": false,
            "isBestMatch": true
        },
        {
            "agg_trade_id": 460918972,
            "price": "1.10160000",
            "quantity": "9.00000000",
            "first_trade_id": 721948739,
            "last_trade_id": 721948739,
            "timestamp": 1732039872831,
            "isBuyerMaker": true,
            "isBestMatch": true
        },
        {
            "agg_trade_id": 460918973,
            "price": "1.10160000",
            "quantity": "60.00000000",
            "first_trade_id": 721948740,
            "last_trade_id": 721948740,
            "timestamp": 1732039872832,
            "isBuyerMaker": true,
            "isBestMatch": true
        },
        {
            "agg_trade_id": 460918974,
            "price": "1.10160000",
            "quantity": "10.00000000",
            "first_trade_id": 721948741,
            "last_trade_id": 721948741,
            "timestamp": 1732039873152,
            "isBuyerMaker": true,
            "isBestMatch": true
        },
        {
            "agg_trade_id": 460918975,
            "price": "1.10160000",
            "quantity": "6.00000000",
            "first_trade_id": 721948742,
            "last_trade_id": 721948742,
            "timestamp": 1732039873613,
            "isBuyerMaker": true,
            "isBestMatch": true
        },
        {
            "agg_trade_id": 460918976,
            "price": "1.10160000",
            "quantity": "579.00000000",
            "first_trade_id": 721948743,
            "last_trade_id": 721948750,
            "timestamp": 1732039874151,
            "isBuyerMaker": true,
            "isBestMatch": true
        },
        {
            "agg_trade_id": 460918977,
            "price": "1.10160000",
            "quantity": "28.00000000",
            "first_trade_id": 721948751,
            "last_trade_id": 721948751,
            "timestamp": 1732039874168,
            "isBuyerMaker": false,
            "isBestMatch": true
        },
        {
            "agg_trade_id": 460918978,
            "price": "1.10150000",
            "quantity": "57.00000000",
            "first_trade_id": 721948752,
            "last_trade_id": 721948752,
            "timestamp": 1732039874169,
            "isBuyerMaker": true,
            "isBestMatch": true
        },
        {
            "agg_trade_id": 460918979,
            "price": "1.10160000",
            "quantity": "237.00000000",
            "first_trade_id": 721948753,
            "last_trade_id": 721948753,
            "timestamp": 1732039874653,
            "isBuyerMaker": false,
            "isBestMatch": true
        },
        {
            "agg_trade_id": 460918980,
            "price": "1.10160000",
            "quantity": "1811.00000000",
            "first_trade_id": 721948754,
            "last_trade_id": 721948754,
            "timestamp": 1732039874660,
            "isBuyerMaker": false,
            "isBestMatch": true
        },
        {
            "agg_trade_id": 460918981,
            "price": "1.10160000",
            "quantity": "906.00000000",
            "first_trade_id": 721948755,
            "last_trade_id": 721948755,
            "timestamp": 1732039874660,
            "isBuyerMaker": false,
            "isBestMatch": true
        },
        {
            "agg_trade_id": 460918982,
            "price": "1.10160000",
            "quantity": "584.00000000",
            "first_trade_id": 721948756,
            "last_trade_id": 721948756,
            "timestamp": 1732039874684,
            "isBuyerMaker": false,
            "isBestMatch": true
        },
        {
            "agg_trade_id": 460918983,
            "price": "1.10150000",
            "quantity": "638.00000000",
            "first_trade_id": 721948757,
            "last_trade_id": 721948757,
            "timestamp": 1732039874760,
            "isBuyerMaker": true,
            "isBestMatch": true
        },
        {
            "agg_trade_id": 460918984,
            "price": "1.10150000",
            "quantity": "4.00000000",
            "first_trade_id": 721948758,
            "last_trade_id": 721948758,
            "timestamp": 1732039875257,
            "isBuyerMaker": true,
            "isBestMatch": true
        },
        {
            "agg_trade_id": 460918985,
            "price": "1.10160000",
            "quantity": "3748.00000000",
            "first_trade_id": 721948759,
            "last_trade_id": 721948761,
            "timestamp": 1732039875524,
            "isBuyerMaker": false,
            "isBestMatch": true
        },
        {
            "agg_trade_id": 460918986,
            "price": "1.10160000",
            "quantity": "35.00000000",
            "first_trade_id": 721948762,
            "last_trade_id": 721948768,
            "timestamp": 1732039875524,
            "isBuyerMaker": false,
            "isBestMatch": true
        },
        {
            "agg_trade_id": 460918987,
            "price": "1.10170000",
            "quantity": "32.00000000",
            "first_trade_id": 721948769,
            "last_trade_id": 721948774,
            "timestamp": 1732039875535,
            "isBuyerMaker": false,
            "isBestMatch": true
        },
        {
            "agg_trade_id": 460918988,
            "price": "1.10180000",
            "quantity": "906.00000000",
            "first_trade_id": 721948775,
            "last_trade_id": 721948775,
            "timestamp": 1732039875535,
            "isBuyerMaker": false,
            "isBestMatch": true
        },
        {
            "agg_trade_id": 460918989,
            "price": "1.10180000",
            "quantity": "1811.00000000",
            "first_trade_id": 721948776,
            "last_trade_id": 721948776,
            "timestamp": 1732039875535,
            "isBuyerMaker": false,
            "isBestMatch": true
        },
        {
            "agg_trade_id": 460918990,
            "price": "1.10180000",
            "quantity": "3661.00000000",
            "first_trade_id": 721948777,
            "last_trade_id": 721948782,
            "timestamp": 1732039875550,
            "isBuyerMaker": false,
            "isBestMatch": true
        },
        {
            "agg_trade_id": 460918991,
            "price": "1.10190000",
            "quantity": "800.00000000",
            "first_trade_id": 721948783,
            "last_trade_id": 721948783,
            "timestamp": 1732039875561,
            "isBuyerMaker": false,
            "isBestMatch": true
        },
        {
            "agg_trade_id": 460918992,
            "price": "1.10190000",
            "quantity": "1600.00000000",
            "first_trade_id": 721948784,
            "last_trade_id": 721948785,
            "timestamp": 1732039875565,
            "isBuyerMaker": false,
            "isBestMatch": true
        },
        {
            "agg_trade_id": 460918993,
            "price": "1.10190000",
            "quantity": "800.00000000",
            "first_trade_id": 721948786,
            "last_trade_id": 721948786,
            "timestamp": 1732039875565,
            "isBuyerMaker": false,
            "isBestMatch": true
        },
        {
            "agg_trade_id": 460918994,
            "price": "1.10190000",
            "quantity": "263.00000000",
            "first_trade_id": 721948787,
            "last_trade_id": 721948789,
            "timestamp": 1732039875576,
            "isBuyerMaker": false,
            "isBestMatch": true
        },
        {
            "agg_trade_id": 460918995,
            "price": "1.10180000",
            "quantity": "121.00000000",
            "first_trade_id": 721948790,
            "last_trade_id": 721948790,
            "timestamp": 1732039875631,
            "isBuyerMaker": true,
            "isBestMatch": true
        },
        {
            "agg_trade_id": 460918996,
            "price": "1.10180000",
            "quantity": "57.00000000",
            "first_trade_id": 721948791,
            "last_trade_id": 721948791,
            "timestamp": 1732039877069,
            "isBuyerMaker": true,
            "isBestMatch": true
        },
        {
            "agg_trade_id": 460918997,
            "price": "1.10190000",
            "quantity": "7.00000000",
            "first_trade_id": 721948792,
            "last_trade_id": 721948792,
            "timestamp": 1732039877348,
            "isBuyerMaker": false,
            "isBestMatch": true
        },
        {
            "agg_trade_id": 460918998,
            "price": "1.10180000",
            "quantity": "97.00000000",
            "first_trade_id": 721948793,
            "last_trade_id": 721948801,
            "timestamp": 1732039877831,
            "isBuyerMaker": true,
            "isBestMatch": true
        },
        {
            "agg_trade_id": 460918999,
            "price": "1.10170000",
            "quantity": "266.00000000",
            "first_trade_id": 721948802,
            "last_trade_id": 721948806,
            "timestamp": 1732039877886,
            "isBuyerMaker": true,
            "isBestMatch": true
        },
        {
            "agg_trade_id": 460919000,
            "price": "1.10160000",
            "quantity": "40.00000000",
            "first_trade_id": 721948807,
            "last_trade_id": 721948814,
            "timestamp": 1732039877918,
            "isBuyerMaker": true,
            "isBestMatch": true
        },
        {
            "agg_trade_id": 460919001,
            "price": "1.10150000",
            "quantity": "1408.00000000",
            "first_trade_id": 721948815,
            "last_trade_id": 721948816,
            "timestamp": 1732039878200,
            "isBuyerMaker": true,
            "isBestMatch": true
        },
        {
            "agg_trade_id": 460919002,
            "price": "1.10160000",
            "quantity": "63.00000000",
            "first_trade_id": 721948817,
            "last_trade_id": 721948817,
            "timestamp": 1732039878781,
            "isBuyerMaker": false,
            "isBestMatch": true
        },
        {
            "agg_trade_id": 460919003,
            "price": "1.10160000",
            "quantity": "536.00000000",
            "first_trade_id": 721948818,
            "last_trade_id": 721948818,
            "timestamp": 1732039878904,
            "isBuyerMaker": false,
            "isBestMatch": true
        },
        {
            "agg_trade_id": 460919004,
            "price": "1.10150000",
            "quantity": "10.00000000",
            "first_trade_id": 721948819,
            "last_trade_id": 721948819,
            "timestamp": 1732039879191,
            "isBuyerMaker": true,
            "isBestMatch": true
        },
        {
            "agg_trade_id": 460919005,
            "price": "1.10160000",
            "quantity": "39.00000000",
            "first_trade_id": 721948820,
            "last_trade_id": 721948826,
            "timestamp": 1732039879213,
            "isBuyerMaker": false,
            "isBestMatch": true
        },
        {
            "agg_trade_id": 460919006,
            "price": "1.10160000",
            "quantity": "57.00000000",
            "first_trade_id": 721948827,
            "last_trade_id": 721948828,
            "timestamp": 1732039879312,
            "isBuyerMaker": true,
            "isBestMatch": true
        },
        {
            "agg_trade_id": 460919007,
            "price": "1.10170000",
            "quantity": "33.00000000",
            "first_trade_id": 721948829,
            "last_trade_id": 721948834,
            "timestamp": 1732039879518,
            "isBuyerMaker": false,
            "isBestMatch": true
        },
        {
            "agg_trade_id": 460919008,
            "price": "1.10180000",
            "quantity": "55.00000000",
            "first_trade_id": 721948835,
            "last_trade_id": 721948844,
            "timestamp": 1732039879720,
            "isBuyerMaker": false,
            "isBestMatch": true
        },
        {
            "agg_trade_id": 460919009,
            "price": "1.10190000",
            "quantity": "19.00000000",
            "first_trade_id": 721948845,
            "last_trade_id": 721948845,
            "timestamp": 1732039879836,
            "isBuyerMaker": false,
            "isBestMatch": true
        },
        {
            "agg_trade_id": 460919010,
            "price": "1.10190000",
            "quantity": "200.00000000",
            "first_trade_id": 721948846,
            "last_trade_id": 721948846,
            "timestamp": 1732039879900,
            "isBuyerMaker": false,
            "isBestMatch": true
        },
        {
            "agg_trade_id": 460919011,
            "price": "1.10190000",
            "quantity": "8.00000000",
            "first_trade_id": 721948847,
            "last_trade_id": 721948847,
            "timestamp": 1732039880519,
            "isBuyerMaker": false,
            "isBestMatch": true
        },
        {
            "agg_trade_id": 460919012,
            "price": "1.10180000",
            "quantity": "39.00000000",
            "first_trade_id": 721948848,
            "last_trade_id": 721948850,
            "timestamp": 1732039880698,
            "isBuyerMaker": true,
            "isBestMatch": true
        },
        {
            "agg_trade_id": 460919013,
            "price": "1.10170000",
            "quantity": "448.00000000",
            "first_trade_id": 721948851,
            "last_trade_id": 721948856,
            "timestamp": 1732039880919,
            "isBuyerMaker": true,
            "isBestMatch": true
        },
        {
            "agg_trade_id": 460919014,
            "price": "1.10170000",
            "quantity": "19.00000000",
            "first_trade_id": 721948857,
            "last_trade_id": 721948857,
            "timestamp": 1732039881067,
            "isBuyerMaker": false,
            "isBestMatch": true
        },
        {
            "agg_trade_id": 460919015,
            "price": "1.10160000",
            "quantity": "541.00000000",
            "first_trade_id": 721948858,
            "last_trade_id": 721948860,
            "timestamp": 1732039881196,
            "isBuyerMaker": true,
            "isBestMatch": true
        },
        {
            "agg_trade_id": 460919016,
            "price": "1.10150000",
            "quantity": "57.00000000",
            "first_trade_id": 721948861,
            "last_trade_id": 721948861,
            "timestamp": 1732039881606,
            "isBuyerMaker": true,
            "isBestMatch": true
        },
        {
            "agg_trade_id": 460919017,
            "price": "1.10150000",
            "quantity": "439.00000000",
            "first_trade_id": 721948862,
            "last_trade_id": 721948862,
            "timestamp": 1732039881697,
            "isBuyerMaker": true,
            "isBestMatch": true
        },
        {
            "agg_trade_id": 460919018,
            "price": "1.10150000",
            "quantity": "10.00000000",
            "first_trade_id": 721948863,
            "last_trade_id": 721948863,
            "timestamp": 1732039881879,
            "isBuyerMaker": true,
            "isBestMatch": true
        },
        {
            "agg_trade_id": 460919019,
            "price": "1.10160000",
            "quantity": "567.00000000",
            "first_trade_id": 721948864,
            "last_trade_id": 721948864,
            "timestamp": 1732039882034,
            "isBuyerMaker": false,
            "isBestMatch": true
        },
        {
            "agg_trade_id": 460919020,
            "price": "1.10150000",
            "quantity": "10.00000000",
            "first_trade_id": 721948865,
            "last_trade_id": 721948865,
            "timestamp": 1732039882240,
            "isBuyerMaker": true,
            "isBestMatch": true
        },
        {
            "agg_trade_id": 460919021,
            "price": "1.10160000",
            "quantity": "21.00000000",
            "first_trade_id": 721948866,
            "last_trade_id": 721948867,
            "timestamp": 1732039882803,
            "isBuyerMaker": false,
            "isBestMatch": true
        },
        {
            "agg_trade_id": 460919022,
            "price": "1.10160000",
            "quantity": "88.00000000",
            "first_trade_id": 721948868,
            "last_trade_id": 721948868,
            "timestamp": 1732039883444,
            "isBuyerMaker": false,
            "isBestMatch": true
        },
        {
            "agg_trade_id": 460919023,
            "price": "1.10160000",
            "quantity": "6.00000000",
            "first_trade_id": 721948869,
            "last_trade_id": 721948869,
            "timestamp": 1732039883461,
            "isBuyerMaker": false,
            "isBestMatch": true
        },
        {
            "agg_trade_id": 460919024,
            "price": "1.10150000",
            "quantity": "203.00000000",
            "first_trade_id": 721948870,
            "last_trade_id": 721948870,
            "timestamp": 1732039883853,
            "isBuyerMaker": true,
            "isBestMatch": true
        },
        {
            "agg_trade_id": 460919025,
            "price": "1.10160000",
            "quantity": "90.00000000",
            "first_trade_id": 721948871,
            "last_trade_id": 721948871,
            "timestamp": 1732039884736,
            "isBuyerMaker": false,
            "isBestMatch": true
        },
        {
            "agg_trade_id": 460919026,
            "price": "1.10160000",
            "quantity": "1166.00000000",
            "first_trade_id": 721948872,
            "last_trade_id": 721948873,
            "timestamp": 1732039884887,
            "isBuyerMaker": false,
            "isBestMatch": true
        },
        {
            "agg_trade_id": 460919027,
            "price": "1.10160000",
            "quantity": "419.00000000",
            "first_trade_id": 721948874,
            "last_trade_id": 721948874,
            "timestamp": 1732039884890,
            "isBuyerMaker": false,
            "isBestMatch": true
        },
        {
            "agg_trade_id": 460919028,
            "price": "1.10160000",
            "quantity": "1165.00000000",
            "first_trade_id": 721948875,
            "last_trade_id": 721948875,
            "timestamp": 1732039884896,
            "isBuyerMaker": false,
            "isBestMatch": true
        },
        {
            "agg_trade_id": 460919029,
            "price": "1.10160000",
            "quantity": "18.00000000",
            "first_trade_id": 721948876,
            "last_trade_id": 721948876,
            "timestamp": 1732039885179,
            "isBuyerMaker": false,
            "isBestMatch": true
        },
        {
            "agg_trade_id": 460919030,
            "price": "1.10150000",
            "quantity": "178.00000000",
            "first_trade_id": 721948877,
            "last_trade_id": 721948880,
            "timestamp": 1732039885339,
            "isBuyerMaker": true,
            "isBestMatch": true
        },
        {
            "agg_trade_id": 460919031,
            "price": "1.10150000",
            "quantity": "5.00000000",
            "first_trade_id": 721948881,
            "last_trade_id": 721948881,
            "timestamp": 1732039885339,
            "isBuyerMaker": true,
            "isBestMatch": true
        },
        {
            "agg_trade_id": 460919032,
            "price": "1.10140000",
            "quantity": "267.00000000",
            "first_trade_id": 721948882,
            "last_trade_id": 721948882,
            "timestamp": 1732039885340,
            "isBuyerMaker": true,
            "isBestMatch": true
        },
        {
            "agg_trade_id": 460919033,
            "price": "1.10140000",
            "quantity": "1539.00000000",
            "first_trade_id": 721948883,
            "last_trade_id": 721948883,
            "timestamp": 1732039885343,
            "isBuyerMaker": true,
            "isBestMatch": true
        },
        {
            "agg_trade_id": 460919034,
            "price": "1.10140000",
            "quantity": "2112.00000000",
            "first_trade_id": 721948884,
            "last_trade_id": 721948886,
            "timestamp": 1732039885345,
            "isBuyerMaker": true,
            "isBestMatch": true
        },
        {
            "agg_trade_id": 460919035,
            "price": "1.10140000",
            "quantity": "604.00000000",
            "first_trade_id": 721948887,
            "last_trade_id": 721948889,
            "timestamp": 1732039885347,
            "isBuyerMaker": true,
            "isBestMatch": true
        },
        {
            "agg_trade_id": 460919036,
            "price": "1.10130000",
            "quantity": "1409.00000000",
            "first_trade_id": 721948890,
            "last_trade_id": 721948891,
            "timestamp": 1732039885718,
            "isBuyerMaker": true,
            "isBestMatch": true
        },
        {
            "agg_trade_id": 460919037,
            "price": "1.10130000",
            "quantity": "119.00000000",
            "first_trade_id": 721948892,
            "last_trade_id": 721948894,
            "timestamp": 1732039885724,
            "isBuyerMaker": true,
            "isBestMatch": true
        },
        {
            "agg_trade_id": 460919038,
            "price": "1.10130000",
            "quantity": "5.00000000",
            "first_trade_id": 721948895,
            "last_trade_id": 721948895,
            "timestamp": 1732039885724,
            "isBuyerMaker": true,
            "isBestMatch": true
        },
        {
            "agg_trade_id": 460919039,
            "price": "1.10120000",
            "quantity": "6.00000000",
            "first_trade_id": 721948896,
            "last_trade_id": 721948896,
            "timestamp": 1732039886204,
            "isBuyerMaker": true,
            "isBestMatch": true
        },
        {
            "agg_trade_id": 460919040,
            "price": "1.10130000",
            "quantity": "37.00000000",
            "first_trade_id": 721948897,
            "last_trade_id": 721948897,
            "timestamp": 1732039886914,
            "isBuyerMaker": false,
            "isBestMatch": true
        },
        {
            "agg_trade_id": 460919041,
            "price": "1.10120000",
            "quantity": "1000.00000000",
            "first_trade_id": 721948898,
            "last_trade_id": 721948901,
            "timestamp": 1732039887183,
            "isBuyerMaker": true,
            "isBestMatch": true
        },
        {
            "agg_trade_id": 460919042,
            "price": "1.10120000",
            "quantity": "87.00000000",
            "first_trade_id": 721948902,
            "last_trade_id": 721948904,
            "timestamp": 1732039888824,
            "isBuyerMaker": true,
            "isBestMatch": true
        },
        {
            "agg_trade_id": 460919043,
            "price": "1.10120000",
            "quantity": "211.00000000",
            "first_trade_id": 721948905,
            "last_trade_id": 721948905,
            "timestamp": 1732039890034,
            "isBuyerMaker": false,
            "isBestMatch": true
        },
        {
            "agg_trade_id": 460919044,
            "price": "1.10110000",
            "quantity": "10.00000000",
            "first_trade_id": 721948906,
            "last_trade_id": 721948906,
            "timestamp": 1732039890126,
            "isBuyerMaker": true,
            "isBestMatch": true
        },
        {
            "agg_trade_id": 460919045,
            "price": "1.10120000",
            "quantity": "534.00000000",
            "first_trade_id": 721948907,
            "last_trade_id": 721948907,
            "timestamp": 1732039890796,
            "isBuyerMaker": false,
            "isBestMatch": true
        },
        {
            "agg_trade_id": 460919046,
            "price": "1.10120000",
            "quantity": "898.00000000",
            "first_trade_id": 721948908,
            "last_trade_id": 721948908,
            "timestamp": 1732039891096,
            "isBuyerMaker": false,
            "isBestMatch": true
        },
        {
            "agg_trade_id": 460919047,
            "price": "1.10110000",
            "quantity": "52.00000000",
            "first_trade_id": 721948909,
            "last_trade_id": 721948909,
            "timestamp": 1732039891128,
            "isBuyerMaker": true,
            "isBestMatch": true
        },
        {
            "agg_trade_id": 460919048,
            "price": "1.10120000",
            "quantity": "25.00000000",
            "first_trade_id": 721948910,
            "last_trade_id": 721948910,
            "timestamp": 1732039891429,
            "isBuyerMaker": false,
            "isBestMatch": true
        },
        {
            "agg_trade_id": 460919049,
            "price": "1.10120000",
            "quantity": "325.00000000",
            "first_trade_id": 721948911,
            "last_trade_id": 721948911,
            "timestamp": 1732039891568,
            "isBuyerMaker": false,
            "isBestMatch": true
        },
        {
            "agg_trade_id": 460919050,
            "price": "1.10120000",
            "quantity": "2479.00000000",
            "first_trade_id": 721948912,
            "last_trade_id": 721948912,
            "timestamp": 1732039891606,
            "isBuyerMaker": false,
            "isBestMatch": true
        },
        {
            "agg_trade_id": 460919051,
            "price": "1.10120000",
            "quantity": "489.00000000",
            "first_trade_id": 721948913,
            "last_trade_id": 721948913,
            "timestamp": 1732039892642,
            "isBuyerMaker": false,
            "isBestMatch": true
        },
        {
            "agg_trade_id": 460919052,
            "price": "1.10120000",
            "quantity": "1030.00000000",
            "first_trade_id": 721948914,
            "last_trade_id": 721948914,
            "timestamp": 1732039892650,
            "isBuyerMaker": false,
            "isBestMatch": true
        },
        {
            "agg_trade_id": 460919053,
            "price": "1.10120000",
            "quantity": "471.00000000",
            "first_trade_id": 721948915,
            "last_trade_id": 721948916,
            "timestamp": 1732039892798,
            "isBuyerMaker": false,
            "isBestMatch": true
        },
        {
            "agg_trade_id": 460919054,
            "price": "1.10120000",
            "quantity": "478.00000000",
            "first_trade_id": 721948917,
            "last_trade_id": 721948917,
            "timestamp": 1732039892806,
            "isBuyerMaker": false,
            "isBestMatch": true
        },
        {
            "agg_trade_id": 460919055,
            "price": "1.10120000",
            "quantity": "3375.00000000",
            "first_trade_id": 721948918,
            "last_trade_id": 721948925,
            "timestamp": 1732039892823,
            "isBuyerMaker": false,
            "isBestMatch": true
        },
        {
            "agg_trade_id": 460919056,
            "price": "1.10120000",
            "quantity": "73.00000000",
            "first_trade_id": 721948926,
            "last_trade_id": 721948926,
            "timestamp": 1732039892861,
            "isBuyerMaker": true,
            "isBestMatch": true
        },
        {
            "agg_trade_id": 460919057,
            "price": "1.10130000",
            "quantity": "394.00000000",
            "first_trade_id": 721948927,
            "last_trade_id": 721948929,
            "timestamp": 1732039892861,
            "isBuyerMaker": false,
            "isBestMatch": true
        },
        {
            "agg_trade_id": 460919058,
            "price": "1.10130000",
            "quantity": "17.00000000",
            "first_trade_id": 721948930,
            "last_trade_id": 721948930,
            "timestamp": 1732039892884,
            "isBuyerMaker": false,
            "isBestMatch": true
        },
        {
            "agg_trade_id": 460919059,
            "price": "1.10130000",
            "quantity": "430.00000000",
            "first_trade_id": 721948931,
            "last_trade_id": 721948933,
            "timestamp": 1732039893049,
            "isBuyerMaker": false,
            "isBestMatch": true
        },
        {
            "agg_trade_id": 460919060,
            "price": "1.10130000",
            "quantity": "20.00000000",
            "first_trade_id": 721948934,
            "last_trade_id": 721948937,
            "timestamp": 1732039893069,
            "isBuyerMaker": false,
            "isBestMatch": true
        },
        {
            "agg_trade_id": 460919061,
            "price": "1.10140000",
            "quantity": "73.00000000",
            "first_trade_id": 721948938,
            "last_trade_id": 721948938,
            "timestamp": 1732039893174,
            "isBuyerMaker": false,
            "isBestMatch": true
        },
        {
            "agg_trade_id": 460919062,
            "price": "1.10140000",
            "quantity": "536.00000000",
            "first_trade_id": 721948939,
            "last_trade_id": 721948939,
            "timestamp": 1732039893726,
            "isBuyerMaker": false,
            "isBestMatch": true
        },
        {
            "agg_trade_id": 460919063,
            "price": "1.10140000",
            "quantity": "93.00000000",
            "first_trade_id": 721948940,
            "last_trade_id": 721948940,
            "timestamp": 1732039893884,
            "isBuyerMaker": false,
            "isBestMatch": true
        },
        {
            "agg_trade_id": 460919064,
            "price": "1.10140000",
            "quantity": "964.00000000",
            "first_trade_id": 721948941,
            "last_trade_id": 721948941,
            "timestamp": 1732039893892,
            "isBuyerMaker": false,
            "isBestMatch": true
        },
        {
            "agg_trade_id": 460919065,
            "price": "1.10140000",
            "quantity": "975.00000000",
            "first_trade_id": 721948942,
            "last_trade_id": 721948942,
            "timestamp": 1732039893897,
            "isBuyerMaker": false,
            "isBestMatch": true
        },
        {
            "agg_trade_id": 460919066,
            "price": "1.10140000",
            "quantity": "418.00000000",
            "first_trade_id": 721948943,
            "last_trade_id": 721948943,
            "timestamp": 1732039894127,
            "isBuyerMaker": false,
            "isBestMatch": true
        },
        {
            "agg_trade_id": 460919067,
            "price": "1.10140000",
            "quantity": "343.00000000",
            "first_trade_id": 721948944,
            "last_trade_id": 721948947,
            "timestamp": 1732039895006,
            "isBuyerMaker": false,
            "isBestMatch": true
        },
        {
            "agg_trade_id": 460919068,
            "price": "1.10140000",
            "quantity": "36.00000000",
            "first_trade_id": 721948948,
            "last_trade_id": 721948953,
            "timestamp": 1732039895015,
            "isBuyerMaker": false,
            "isBestMatch": true
        },
        {
            "agg_trade_id": 460919069,
            "price": "1.10150000",
            "quantity": "689.00000000",
            "first_trade_id": 721948954,
            "last_trade_id": 721948954,
            "timestamp": 1732039895176,
            "isBuyerMaker": false,
            "isBestMatch": true
        },
        {
            "agg_trade_id": 460919070,
            "price": "1.10150000",
            "quantity": "27.00000000",
            "first_trade_id": 721948955,
            "last_trade_id": 721948955,
            "timestamp": 1732039895523,
            "isBuyerMaker": false,
            "isBestMatch": true
        },
        {
            "agg_trade_id": 460919071,
            "price": "1.10150000",
            "quantity": "560.00000000",
            "first_trade_id": 721948956,
            "last_trade_id": 721948956,
            "timestamp": 1732039895631,
            "isBuyerMaker": false,
            "isBestMatch": true
        },
        {
            "agg_trade_id": 460919072,
            "price": "1.10150000",
            "quantity": "557.00000000",
            "first_trade_id": 721948957,
            "last_trade_id": 721948957,
            "timestamp": 1732039895641,
            "isBuyerMaker": false,
            "isBestMatch": true
        },
        {
            "agg_trade_id": 460919073,
            "price": "1.10140000",
            "quantity": "6.00000000",
            "first_trade_id": 721948958,
            "last_trade_id": 721948958,
            "timestamp": 1732039895917,
            "isBuyerMaker": true,
            "isBestMatch": true
        },
        {
            "agg_trade_id": 460919074,
            "price": "1.10150000",
            "quantity": "235.00000000",
            "first_trade_id": 721948959,
            "last_trade_id": 721948961,
            "timestamp": 1732039895992,
            "isBuyerMaker": false,
            "isBestMatch": true
        },
        {
            "agg_trade_id": 460919075,
            "price": "1.10150000",
            "quantity": "444.00000000",
            "first_trade_id": 721948962,
            "last_trade_id": 721948964,
            "timestamp": 1732039895998,
            "isBuyerMaker": false,
            "isBestMatch": true
        },
        {
            "agg_trade_id": 460919076,
            "price": "1.10150000",
            "quantity": "2846.00000000",
            "first_trade_id": 721948965,
            "last_trade_id": 721948966,
            "timestamp": 1732039896039,
            "isBuyerMaker": false,
            "isBestMatch": true
        },
        {
            "agg_trade_id": 460919077,
            "price": "1.10150000",
            "quantity": "774.00000000",
            "first_trade_id": 721948967,
            "last_trade_id": 721948969,
            "timestamp": 1732039896039,
            "isBuyerMaker": false,
            "isBestMatch": true
        },
        {
            "agg_trade_id": 460919078,
            "price": "1.10150000",
            "quantity": "202.00000000",
            "first_trade_id": 721948970,
            "last_trade_id": 721948970,
            "timestamp": 1732039896131,
            "isBuyerMaker": true,
            "isBestMatch": true
        },
        {
            "agg_trade_id": 460919079,
            "price": "1.10160000",
            "quantity": "330.00000000",
            "first_trade_id": 721948971,
            "last_trade_id": 721948972,
            "timestamp": 1732039896226,
            "isBuyerMaker": false,
            "isBestMatch": true
        },
        {
            "agg_trade_id": 460919080,
            "price": "1.10160000",
            "quantity": "332.00000000",
            "first_trade_id": 721948973,
            "last_trade_id": 721948977,
            "timestamp": 1732039896254,
            "isBuyerMaker": false,
            "isBestMatch": true
        },
        {
            "agg_trade_id": 460919081,
            "price": "1.10160000",
